2168 3270
163 224 183 278 4
335 210 513 266 PHAEDRI
532 209 798 268 FABULARUM

165 353 347 408 “Contentus
360 351 464 406 nostris
476 353 499 407 si
512 352 612 408 fuisses
626 354 747 422 sedibus,

166 436 213 503 Et,
225 436 301 506 quod
313 444 413 490 natura
425 435 549 505 dederat,
561 437 697 490 voluisses
709 437 776 506 pati,

166 520 193 572 N
197 534 228 574 ec
242 519 319 572 illam
332 527 461 588 expertus
473 535 550 574 esses
563 520 770 587 contumeliam,

166 604 229 656 Nec
242 602 315 656 hanc
328 602 468 671 repulsam
480 610 529 656 tua
542 603 655 658 sentiret
668 603 838 658 calamitas.”
934 603 966 658 16

450 785 609 840 FABULA
633 786 680 840 IV.

249 919 341 962 curus
360 918 420 960 Pan
439 918 581 960 rtuvruu
600 917 733 960 canuam
753 917 881 962 aeneus

166 1027 278 1082 Amittit
290 1026 390 1081 meritd
401 1026 552 1096 proprium,
566 1026 613 1095 qui
627 1026 750 1080 alienum
762 1029 875 1097 appetit.

202 1110 296 1177 Canis,
310 1126 359 1178 per
371 1109 475 1163 flumen
487 1125 602 1162 carnem
614 1109 682 1163 dum
694 1110 776 1165 ferret
789 1122 899 1179 natans,

71 1235 72 1238 ,
168 1193 358 1262 Lympharum
370 1192 399 1245 in
412 1192 525 1261 speculo
538 1192 608 1246 vidit
621 1192 800 1248 simulacrum
813 1211 903 1263 suum,

166 1276 316 1345 Aliamque
328 1274 454 1344 praedam
466 1275 502 1328 ab
515 1275 570 1329 alio
583 1274 647 1329 ferri
660 1287 770 1345 putans,

167 1361 283 1429 Eripere
294 1359 397 1412 voluit:
415 1357 512 1412 verium
525 1358 643 1427 decepta
655 1359 790 1416 aviditas:
951 1375 965 1431 ς

167 1446 214 1511 Et,
227 1459 311 1514 quem
323 1442 444 1509 tenebat,
457 1458 505 1496 ore
514 1442 627 1496 demisit
639 1443 742 1511 cibum,

167 1529 237 1596 Nec,
248 1541 332 1597 quem
345 1526 465 1595 petebat,
479 1524 550 1580 aded
563 1526 652 1595 potuit
665 1528 808 1596 attingere.
950 1542 966 1595 7

456 1696 615 1750 FABULA
639 1697 672 1750 V.

308 1830 415 1886 vacet,
434 1828 581 1885 curatur,
599 1827 677 1884 0v1s,
698 1828 737 1870 ar
756 1829 822 1872 tao,

202 1941 355 2009 Nunquam
368 1949 410 1994 est
423 1938 512 1992 fidelis
525 1954 588 1992 cum
601 1948 716 2006 potente
728 1939 866 1994 societas:

165 2025 297 2078 Testatur
310 2022 371 2076 haec
385 2022 488 2076 sabella
499 2022 673 2091 propositum
685 2039 787 2076 meum.

200 2108 304 2174 Vacca,
318 2116 345 2160 et
358 2105 474 2174 capella,
486 2116 514 2160 et
528 2105 638 2174 patiens
651 2105 711 2159 ovis
725 2106 840 2176 injuriae,

166 2190 241 2243 Socii
253 2190 329 2243 suere
342 2206 406 2242 cum
418 2188 499 2243 leone
512 2189 541 2241 in
555 2188 678 2242 saltibus.

167 2273 206 2324 Hi
219 2289 305 2342 quum
318 2272 458 2342 cepissent
470 2288 584 2325 cervum
596 2272 668 2324 vasti
681 2273 812 2341 corporis,
948 2284 963 2340 5

166 2357 213 2410 Sic
226 2368 268 2411 est
280 2359 419 2427 loquutus,
432 2357 558 2426 partibus
571 2356 660 2424 sactis,
674 2357 733 2411 leo:

165 2441 255 2508 “Ego
267 2442 388 2511 primam
400 2442 475 2508 tollo,
488 2441 617 2493 nominor
629 2441 695 2510 quia
707 2442 767 2505 leo;

166 2523 333 2592 Secundam,
346 2525 412 2593 quia
424 2540 486 2577 sum
499 2523 586 2593 sortis,
598 2523 724 2579 tribuetis
736 2524 804 2578 mihi
815 2542 823 2588 ;

164 2609 247 2676 Tum,
260 2609 326 2677 quia
337 2609 400 2677 pliis
413 2608 500 2676 valeo,
513 2623 559 2662 me
570 2618 701 2677 sequetur
709 2609 790 2662 tertia
801 2627 808 2672 ;

165 2691 243 2744 Malo
256 2691 398 2759 afficietur,
412 2691 435 2744 si
448 2692 510 2760 quis
523 2701 652 2762 quartam
664 2691 808 2758 tetigerit.''

165 2773 212 2829 Sic
224 2783 313 2828 totam
325 2773 451 2844 praedam
464 2775 524 2829 sola
536 2776 700 2845 improbitas
713 2773 834 2828 abstulit.
929 2788 957 2830 11
