2168 3270
136 231 168 272 10
302 221 481 274 PHAEDRI
501 223 768 278 FABULARUM

133 359 237 415 Verirm
250 371 362 431 stupore
375 364 458 433 vulgi,
471 364 576 419 factum
589 365 719 419 nobilem.

135 446 202 510 Rex,
216 444 353 500 advocata
366 448 509 516 concione,
522 447 584 502 haec
597 448 699 502 edidit:

133 530 149 556 “
164 529 284 596 Quantae
296 530 400 598 putatis
413 547 475 584 esse
488 548 538 584 vos
551 532 708 599 dementiae‚

135 611 189 678 Qui
203 612 297 681 capita
308 622 401 666 vestra
414 631 472 666 non
485 614 619 667 dubitatis
633 614 755 682 credere,

134 695 185 746 Cui
200 695 366 750 calceandos
379 713 462 750 nemo
477 697 615 751 commisit
627 697 713 767 pedes
724 699 758 751 ?’'

171 778 234 830 Hoc
247 777 384 847 pertinere
396 779 461 833 vere
474 779 511 833 ad
524 779 584 832 illos
597 779 722 847 dixerim,

136 862 260 931 Quorum
274 862 391 916 stultitia
402 873 526 932 quaestus
540 863 721 934 impudentiae
734 873 784 918 est.

395 1022 554 1076 FABULA
582 1023 676 1075 XVII.

314 1141 427 1184 Asinus
447 1141 486 1182 ar
505 1141 606 1183 sunnx
627 1141 752 1185 nasson.

173 1240 205 1291 ln
218 1238 375 1306 principatu
387 1237 588 1293 commutando
602 1238 704 1292 civium

137 1322 184 1375 Nil
194 1331 295 1392 praeter
308 1322 413 1376 domini
427 1339 530 1376 nomen
543 1331 653 1376 mutant
666 1328 808 1391 pauperes.

138 1405 170 1458 ld
184 1422 245 1459 esse
258 1423 354 1460 verum
366 1423 454 1476 parva
466 1407 527 1460 haec
540 1407 644 1460 sabella
656 1406 769 1460 indicat.

170 1489 296 1543 Asellum
309 1490 338 1542 in
350 1499 430 1560 prato
443 1490 557 1544 timidus
572 1489 705 1558 pascebat
718 1505 809 1545 senex.

138 1574 174 1640 is,
187 1573 310 1628 hostium
323 1574 444 1628 clamore
458 1575 550 1628 subito
564 1574 682 1641 territus,

138 1657 278 1710 Suadebat
292 1657 371 1710 asino
384 1657 487 1725 fugere,
502 1674 537 1709 ne
551 1665 664 1724 possent
677 1657 748 1725 capi.
807 1675 810 1681 ’

136 1739 173 1791 At
187 1739 231 1792 ille
243 1740 341 1806 lentuS,
356 1741 373 1769 “
384 1741 495 1807 Quaeso,
510 1755 576 1790 num
590 1739 670 1791 binas
683 1740 751 1791 mihi

138 1821 261 1876 Clitellas
274 1821 468 1890 impositurum
481 1821 615 1874 victorem
629 1831 710 1889 putas
722 1821 754 1874 ?’'

139 1907 228 1957 Senex
241 1903 359 1972 negavit.
399 1905 500 1971 “Ergo
513 1903 581 1972 quid
593 1903 674 1959 refert
687 1909 751 1957 mea

138 1987 189 2040 Cui
203 1986 329 2052 serviam,
344 1985 460 2040 clitellas
473 1986 541 2040 dum
554 1997 663 2056 portem
676 2003 752 2041 meas
764 1986 795 2040 ?''

390 2160 548 2215 FABULA
575 2162 688 2214 XVIII.

332 2281 409 2337 ovis
429 2281 557 2338 curvus
578 2283 616 2322 ur
636 2280 741 2323 nunus

174 2377 328 2432 Fraudator
345 2379 474 2433 homines
493 2395 579 2448 quum
597 2379 717 2431 advocat
735 2391 869 2445 sponsum
887 2374 937 2428 irn-

208 2461 319 2530 probo's,

141 2546 205 2597 Non
218 2561 276 2598 rem
289 2545 428 2614 expedire,
442 2545 492 2599 sed
505 2547 580 2599 mala
591 2545 687 2613 vitare,
701 2543 818 2613 expedit.

175 2629 264 2682 Ovem
277 2629 395 2696 rogabat
408 2645 505 2681 cervus
518 2629 644 2682 modium
656 2628 739 2683 tritici

141 2712 218 2778 Lupo
231 2727 372 2780 sponsore.
410 2712 449 2764 At
461 2711 508 2763 illa
521 2722 708 2780 praemetuens
721 2709 832 2762 dolum:
993 2771 997 2776 Ι

139 2795 276 2864 “Rapere
289 2803 373 2865 atque
386 2795 463 2849 abire
477 2812 587 2866 semper
599 2793 722 2849 assuevit
734 2793 824 2860 lupus,
921 2801 937 2861 5
