2168 3270
436 233 563 287 LIBER
584 232 627 287 II.
901 245 934 289 21

432 443 592 498 FABULA
610 445 644 498 V.

339 563 446 606 casm
465 551 519 623 [nu
539 563 729 606 onacuuuu.

174 671 267 726 Rhodi
280 671 408 726 Tiberius
423 674 508 739 Nero,
522 681 621 741 captus
633 672 732 725 insulae

139 755 315 823 Salubritate,
328 770 416 823 quum
428 754 556 808 tribunus
568 755 681 821 viveret,

140 840 206 890 Non
219 854 289 905 raro,
303 846 332 890 ut
348 837 438 890 Musis
452 838 511 907 ipse
522 837 642 904 dedituS,
655 838 683 890 in
696 837 799 890 scholis

139 921 251 990 Sophos
263 921 368 974 audivit
381 930 465 989 atque
478 920 571 973 officia
583 919 679 974 mutui>

54 1039 57 1044 -
139 1006 183 1058 Ex
196 1021 276 1073 aequo
289 1021 375 1073 prope
389 1020 453 1058 cum
466 1004 592 1073 plurimis
605 1004 733 1058 exercuit.
922 1016 936 1071 5

140 1089 183 1142 Ibi
197 1089 347 1157 Diogenes,
360 1088 559 1156 grammaticus
572 1087 732 1155 pernobilis,

140 1171 303 1239 Quibusque
317 1170 415 1223 solitus
429 1171 571 1239 disputare
585 1169 719 1235 sabbatis,

138 1254 304 1306 Venientem
317 1253 468 1322 quondam,
481 1263 511 1306 ut
524 1268 554 1305 se
567 1252 715 1305 docentem
725 1261 802 1306 extra
812 1251 938 1306 ordinem

139 1337 264 1404 Audiret,
276 1353 333 1389 non
346 1336 467 1403 admisit,
481 1352 514 1388 ac
527 1351 577 1404 per
590 1335 730 1388 servulum

141 1422 175 1472 ln
188 1419 338 1487 septimum
350 1419 485 1486 superbus
499 1418 605 1470 distulit
618 1417 701 1470 diem.
908 1433 940 1470 ιο

142 1502 315 1555 Salutaturus
327 1500 373 1553 hic
386 1509 416 1553 ut
428 1501 503 1553 venit
515 1507 615 1569 postea

141 1587 270 1654 Romam,
282 1601 334 1654 pro
346 1583 451 1637 loribus
464 1582 623 1636 adstantem
636 1581 705 1634 nihil
717 1580 837 1650 amplius

140 1667 295 1723 Admonuit
308 1668 411 1735 Caesar,
426 1666 510 1736 quam
522 1674 585 1734 post
599 1681 704 1718 annum
718 1665 868 1735 septimum

140 1753 186 1807 Ad
200 1769 229 1806 se
243 1751 421 1805 salutandum
432 1759 462 1804 ut
474 1749 557 1804 vellet
569 1748 706 1802 revertier.

179 1836 226 1889 Nil
240 1835 431 1890 Graeculorum
443 1833 517 1887 fastu
531 1841 572 1886 est
586 1831 797 1903 impudentius]
908 1843 937 1899 15

427 1991 586 2045 FABULA
603 1991 654 2043 Vl.

355 2113 460 2158 casm<
479 2113 522 2154 no
541 2109 731 2152 nemausen.

178 2223 230 2275 Est
243 2222 416 2276 ardelionum
429 2219 559 2290 quaedam
572 2220 671 2271 Romae
684 2215 769 2281 natio,

141 2303 262 2372 Trepide
274 2320 452 2371 concursans,
466 2311 604 2372 occupata
617 2301 645 2354 in
659 2301 725 2366 otio,

142 2387 236 2439 Gratis
249 2385 392 2454 anhelans,
405 2387 493 2440 multa
505 2385 616 2455 agendo
630 2382 699 2437 nihil
712 2384 816 2450 agens,¹

143 2469 202 2522 Sibi
216 2469 341 2535 molesta,
355 2478 382 2522 et
395 2469 456 2522 aliis
471 2468 656 2522 odiosissima.

145 2553 226 2604 Hane
240 2551 395 2618 emendare,
410 2550 432 2602 si
446 2560 541 2604 tamen
554 2565 677 2619 possum,
690 2547 754 2601 volo

140 2635 215 2688 Vera
226 2634 329 2687 sabella
344 2652 350 2686 :
368 2634 490 2702 pretium
500 2643 543 2687 est
558 2650 650 2703 operae
662 2631 813 2686 attendere.

178 2718 274 2771 Caesar
286 2717 414 2770 Tiberius
428 2732 522 2785 quum,
535 2726 634 2785 petens
649 2715 808 2784 Neapolim,

143 2803 177 2854 ln
192 2802 381 2856 Misenensem
393 2800 489 2855 villam
500 2800 622 2855 venisset
635 2815 723 2867 suam,
