2168 3270
145 219 182 274 24
316 207 495 262 PHAEDRI
515 205 782 262 FABULARUM

145 348 184 402 Et
197 357 354 418 opportuno
366 365 397 402 se
410 347 497 402 bubili
511 348 642 403 condidit.

146 429 203 484 llic
215 431 266 486 bos
279 432 376 486 latenti
391 449 396 485 :
416 431 584 500 “Quidnam
596 431 707 484 voluisti
721 430 781 498 tibi,
928 438 944 496 5

147 515 254 582 Infelix,
267 515 338 568 ultro
351 515 398 584 qui
412 515 449 568 ad
462 531 560 568 necem
573 514 733 581 cucurreris,

147 598 357 666 Hominumque
370 608 444 651 tecto
457 597 585 666 spiritum
597 597 770 650 commiseris
781 595 814 648 ?⁷’

144 681 182 734 At
196 680 241 734 ille
253 681 377 749 supplex,
391 682 474 734 “Vos
487 678 597 746 modd,’'
609 679 707 749 inquit,
721 678 853 748 “parcite
866 696 872 741 ;

147 764 303 817 Occasione
316 780 410 816 rursus
423 779 569 831 erumpam
581 763 674 816 datad

147 847 276 914 Spatium
288 845 343 899 diei
357 846 447 898 noctis
461 845 600 915 excipiunt
613 845 696 897 vices.
913 854 945 892 10

146 928 287 982 Frondem
300 928 437 980 bubulcus
450 929 537 995 affert,
551 944 603 980 nec
617 927 680 980 ideo
693 928 775 982 videt.

148 1011 223 1064 Eunt
237 1009 355 1062 subinde
368 1019 395 1062 et
408 1010 524 1063 redeunt
537 1027 635 1063 omnes
648 1011 743 1064 rustici
759 1030 764 1064 :

147 1095 240 1147 Nemo
252 1092 448 1145 animadvertit
462 1111 468 1146 :
487 1093 588 1146 transit
600 1093 685 1146 etiam
698 1093 814 1160 villicus,

148 1178 209 1229 Nec
223 1175 268 1228 ille
281 1174 435 1243 quidquam
448 1176 538 1228 sentit.
577 1177 651 1229 Tum
663 1177 789 1245 gaudens
800 1175 872 1231 serus
908 1200 910 1204 ·

147 1259 242 1312 Bobus
255 1257 356 1326 quietis
369 1273 450 1326 agere
464 1259 549 1326 coepit
561 1259 673 1326 gratias,
913 1271 941 1328 ις

149 1341 311 1409 Hospitium
324 1341 441 1394 adverso
454 1340 529 1410 quiid
543 1341 721 1410 praestiterint
734 1353 863 1413 tempore.

147 1425 303 1495 Respondit
316 1442 388 1478 unus
401 1444 407 1478 :
426 1427 442 1454 “
452 1425 565 1478 Salvum
578 1434 606 1479 te
619 1427 746 1495 cupimus
760 1429 872 1497 quidem
884 1445 890 1492 ;

148 1508 204 1562 Sed
217 1508 270 1576 ille,
284 1507 331 1576 qui
344 1508 439 1560 oculos
453 1517 566 1560 centum
579 1508 672 1576 habet,
686 1509 709 1561 si
722 1510 836 1577 venerit,

148 1593 254 1659 Magno
267 1591 296 1643 in
308 1591 411 1659 periclo
426 1590 484 1643 vita
496 1601 622 1645 versatur
633 1591 704 1644 tua.’'

149 1676 220 1726 Haec
234 1674 305 1726 inter
317 1674 376 1742 ipse
390 1673 520 1726 dominus
534 1690 551 1726 a
564 1681 645 1726 coena
657 1676 729 1730 redit
745 1696 752 1741 ;
912 1689 948 1726 20

149 1759 186 1810 Et
199 1758 264 1826 quia
277 1765 421 1825 corruptos
434 1757 541 1810 viderat
554 1774 642 1827 nuper
653 1759 749 1827 boves,

148 1840 265 1894 Accedit
277 1839 313 1892 ad
326 1855 450 1908 praesepe
466 1857 472 1892 ε
491 1843 507 1870 “
519 1841 575 1894 Cur
587 1841 694 1895 frondis
708 1858 808 1911 parum
820 1841 882 1894 est?

151 1923 308 1976 Stramenta
321 1921 429 1975 desunt.
468 1923 576 1976 Tollere
588 1923 650 1978 haec
663 1941 767 1978 aranea

151 2005 292 2073 Quantum
305 2014 347 2057 est
358 2004 462 2057 laboris
471 2005 481 2058 i
490 2006 504 2031 ”
542 2008 618 2059 Dum
633 2016 770 2059 scrutatur
783 2005 899 2074 singula,

151 2088 231 2141 Cervi
244 2104 353 2157 quoque
368 2087 423 2140 alta
436 2098 478 2142 est
491 2089 670 2158 conspicatus
685 2105 788 2141 cornua
801 2107 806 2140 :

151 2171 241 2239 Quem
254 2176 407 2224 convocata
416 2171 495 2240 jubet
508 2172 600 2225 occidi
613 2171 727 2238 familiai,

153 2255 335 2324 Praedamque
347 2254 425 2308 tollit.
466 2256 538 2308 Haec
552 2254 691 2323 significat
704 2254 822 2320 fabulas

154 2338 308 2391 Dominum
319 2337 413 2392 videre
426 2336 577 2407 plurimum
590 2337 618 2388 in
631 2337 713 2390 rebus
727 2337 792 2391 suis
915 2335 949 2388 28

444 2494 653 2548 EPILOGUS.

186 2602 284 2670 AEsopi
297 2603 409 2670 ingenio
423 2610 544 2655 statuam
557 2601 674 2669 posuere
686 2601 781 2667 Attici,

188 2687 360 2754 Servumque
374 2684 543 2737 collocdrunt
557 2690 661 2736 aetema
673 2684 702 2736 in
714 2685 785 2750 basi,

190 2770 288 2822 Patere
300 2766 414 2820 honoris
427 2767 529 2819 scirent
542 2774 571 2817 ut
585 2767 692 2820 cunctis
705 2767 789 2834 viam,
