<?xml version="1.0" encoding="UTF-8"?>
<!DOCTYPE html PUBLIC "-//W3C//DTD XHTML 1.0 Transitional//EN"
    "http://www.w3.org/TR/xhtml1/DTD/xhtml1-transitional.dtd">
<html xmlns="http://www.w3.org/1999/xhtml" xml:lang="en" lang="en">
 <head>
  <title>
</title>
<meta http-equiv="Content-Type" content="text/html;charset=utf-8" />
  <meta name='ocr-system' content='tesseract 3.04.00' />
  <meta name='ocr-capabilities' content='ocr_page ocr_carea ocr_par ocr_line ocrx_word'/>
</head>
<body>
  <div class='ocr_page' id='page_1' title='image "./fablesphaedrusb01whitgoog_0026.png"; bbox 0 0 2168 3270; ppageno 0'>
   <div class='ocr_carea' id='block_1_1' title="bbox 124 224 751 280">
    <p class='ocr_par' dir='ltr' id='par_1_1' title="bbox 124 224 751 280">
     <span class='ocr_line' id='line_1_1' title="bbox 124 224 751 280; baseline -0.002 -1"><span class='ocrx_word' id='word_1_1' title='bbox 124 240 155 280; x_wconf 86' lang='lat'><strong>12</strong></span> <span class='ocrx_word' id='word_1_2' title='bbox 288 226 466 280; x_wconf 86' lang='lat' dir='ltr'><em>PHAEDRI</em></span> <span class='ocrx_word' id='word_1_3' title='bbox 487 224 751 280; x_wconf 76' lang='lat' dir='ltr'><em>FABULARUM</em></span> 
     </span>
    </p>
   </div>
   <div class='ocr_carea' id='block_1_2' title="bbox 123 367 924 1018">
    <p class='ocr_par' dir='ltr' id='par_1_2' title="bbox 123 367 924 1018">
     <span class='ocr_line' id='line_1_2' title="bbox 157 367 783 439; baseline 0 -20"><span class='ocrx_word' id='word_1_4' title='bbox 157 367 243 421; x_wconf 85' lang='lat' dir='ltr'><strong>Canis</strong></span> <span class='ocrx_word' id='word_1_5' title='bbox 256 369 410 437; x_wconf 81' lang='lat' dir='ltr'>parturiens</span> <span class='ocrx_word' id='word_1_6' title='bbox 423 386 509 439; x_wconf 90' lang='lat' dir='ltr'><strong>quum</strong></span> <span class='ocrx_word' id='word_1_7' title='bbox 522 370 646 437; x_wconf 72' lang='lat' dir='ltr'><strong>rogasset</strong></span> <span class='ocrx_word' id='word_1_8' title='bbox 659 368 783 436; x_wconf 85' lang='lat' dir='ltr'><strong>alteram,</strong></span> 
     </span>
     <span class='ocr_line' id='line_1_3' title="bbox 123 451 672 521; baseline 0.002 -16"><span class='ocrx_word' id='word_1_9' title='bbox 123 451 164 505; x_wconf 90' lang='lat' dir='ltr'><strong>Ut</strong></span> <span class='ocrx_word' id='word_1_10' title='bbox 176 451 263 504; x_wconf 88' lang='lat' dir='ltr'><strong>fetum</strong></span> <span class='ocrx_word' id='word_1_11' title='bbox 276 451 304 504; x_wconf 95' lang='lat' dir='ltr'><strong>in</strong></span> <span class='ocrx_word' id='word_1_12' title='bbox 318 451 377 520; x_wconf 89' lang='lat' dir='ltr'><strong>ejus</strong></span> <span class='ocrx_word' id='word_1_13' title='bbox 390 453 499 521; x_wconf 86' lang='lat' dir='ltr'><strong>tugurio</strong></span> <span class='ocrx_word' id='word_1_14' title='bbox 512 452 672 521; x_wconf 85' lang='lat' dir='ltr'><strong>deponeret,</strong></span> 
     </span>
     <span class='ocr_line' id='line_1_4' title="bbox 123 533 920 604; baseline 0.001 -18"><span class='ocrx_word' id='word_1_15' title='bbox 123 533 217 587; x_wconf 72' lang='lat' dir='ltr'><strong>Facile</strong></span> <span class='ocrx_word' id='word_1_16' title='bbox 230 534 404 602; x_wconf 87' lang='lat' dir='ltr'><strong>impetravit:</strong></span> <span class='ocrx_word' id='word_1_17' title='bbox 422 535 523 589; x_wconf 87' lang='lat' dir='ltr'><strong>deinde</strong></span> <span class='ocrx_word' id='word_1_18' title='bbox 536 534 691 604; x_wconf 86' lang='lat' dir='ltr'><strong>reposcenti</strong></span> <span class='ocrx_word' id='word_1_19' title='bbox 705 533 797 587; x_wconf 92' lang='lat' dir='ltr'><strong>locum</strong></span> <span class='ocrx_word' id='word_1_20' title='bbox 905 541 920 601; x_wconf 82' lang='grc'><strong><em>5</em></strong></span> 
     </span>
     <span class='ocr_line' id='line_1_5' title="bbox 124 617 726 686; baseline 0 -18"><span class='ocrx_word' id='word_1_21' title='bbox 124 617 222 670; x_wconf 84' lang='lat' dir='ltr'><strong>Preces</strong></span> <span class='ocrx_word' id='word_1_22' title='bbox 235 617 367 686; x_wconf 90' lang='lat' dir='ltr'><strong>admovit,</strong></span> <span class='ocrx_word' id='word_1_23' title='bbox 380 626 491 686; x_wconf 91' lang='lat' dir='ltr'><strong>tempus</strong></span> <span class='ocrx_word' id='word_1_24' title='bbox 504 635 621 671; x_wconf 89' lang='lat' dir='ltr'><strong>exorans</strong></span> <span class='ocrx_word' id='word_1_25' title='bbox 634 618 726 683; x_wconf 90' lang='lat' dir='ltr'><strong>breve,</strong></span> 
     </span>
     <span class='ocr_line' id='line_1_6' title="bbox 124 699 696 770; baseline 0 -18"><span class='ocrx_word' id='word_1_26' title='bbox 124 701 200 753; x_wconf 91' lang='lat' dir='ltr'><strong>Dum</strong></span> <span class='ocrx_word' id='word_1_27' title='bbox 213 699 348 753; x_wconf 79' lang='lat' dir='ltr'><strong>firmIores</strong></span> <span class='ocrx_word' id='word_1_28' title='bbox 362 700 468 754; x_wconf 88' lang='lat' dir='ltr'><strong>catulos</strong></span> <span class='ocrx_word' id='word_1_29' title='bbox 481 712 575 770; x_wconf 86' lang='lat' dir='ltr'><strong>posset</strong></span> <span class='ocrx_word' id='word_1_30' title='bbox 588 702 696 755; x_wconf 90' lang='lat' dir='ltr'><strong>ducere.</strong></span> 
     </span>
     <span class='ocr_line' id='line_1_7' title="bbox 125 781 768 854; baseline -0.002 -18"><span class='ocrx_word' id='word_1_31' title='bbox 125 785 189 836; x_wconf 90' lang='lat' dir='ltr'><strong>Hoc</strong></span> <span class='ocrx_word' id='word_1_32' title='bbox 202 800 311 853; x_wconf 89' lang='lat' dir='ltr'><strong>quoque</strong></span> <span class='ocrx_word' id='word_1_33' title='bbox 324 795 498 854; x_wconf 88' lang='lat' dir='ltr'><strong>consumpt0,</strong></span> <span class='ocrx_word' id='word_1_34' title='bbox 511 785 636 854; x_wconf 85' lang='lat' dir='ltr'><strong>flagitare</strong></span> <span class='ocrx_word' id='word_1_35' title='bbox 648 781 768 838; x_wconf 78' lang='lat' dir='ltr'><strong>validius</strong></span> 
     </span>
     <span class='ocr_line' id='line_1_8' title="bbox 125 867 733 936; baseline 0 -17"><span class='ocrx_word' id='word_1_36' title='bbox 125 867 222 920; x_wconf 88' lang='lat' dir='ltr'><strong>Cubile</strong></span> <span class='ocrx_word' id='word_1_37' title='bbox 235 868 328 936; x_wconf 84' lang='lat' dir='ltr'><strong>coepit.</strong></span> <span class='ocrx_word' id='word_1_38' title='bbox 366 871 383 898; x_wconf 89' lang='lat'><strong>“</strong></span> <span class='ocrx_word' id='word_1_39' title='bbox 394 869 423 922; x_wconf 92' lang='lat' dir='ltr'><strong>Si</strong></span> <span class='ocrx_word' id='word_1_40' title='bbox 437 869 506 922; x_wconf 90' lang='lat' dir='ltr'><strong>mihi</strong></span> <span class='ocrx_word' id='word_1_41' title='bbox 519 879 547 922; x_wconf 89' lang='lat' dir='ltr'><strong>et</strong></span> <span class='ocrx_word' id='word_1_42' title='bbox 560 870 649 923; x_wconf 86' lang='lat' dir='ltr'><strong>turbae</strong></span> <span class='ocrx_word' id='word_1_43' title='bbox 661 882 733 921; x_wconf 89' lang='lat' dir='ltr'><strong>meae</strong></span> 
     </span>
     <span class='ocr_line' id='line_1_9' title="bbox 126 947 924 1018; baseline -0.004 -16"><span class='ocrx_word' id='word_1_44' title='bbox 126 949 202 1016; x_wconf 88' lang='lat' dir='ltr'><strong>Par,&#39;&#39;</strong></span> <span class='ocrx_word' id='word_1_45' title='bbox 215 949 312 1018; x_wconf 91' lang='lat' dir='ltr'><strong>inquit,</strong></span> <span class='ocrx_word' id='word_1_46' title='bbox 325 951 410 1003; x_wconf 87' lang='lat' dir='ltr'><strong>“esse</strong></span> <span class='ocrx_word' id='word_1_47' title='bbox 423 951 553 1018; x_wconf 81' lang='lat' dir='ltr'><strong>potueris.</strong></span> <span class='ocrx_word' id='word_1_48' title='bbox 567 950 666 1005; x_wconf 87' lang='lat' dir='ltr'><strong>cedam</strong></span> <span class='ocrx_word' id='word_1_49' title='bbox 678 947 765 1003; x_wconf 85' lang='lat' dir='ltr'><strong>loco.”</strong></span> <span class='ocrx_word' id='word_1_50' title='bbox 876 952 878 958; x_wconf 83' lang='grc'><em>’</em></span> <span class='ocrx_word' id='word_1_51' title='bbox 891 961 924 1000; x_wconf 87' lang='lat'><strong>10</strong></span> 
     </span>
    </p>
   </div>
   <div class='ocr_carea' id='block_1_3' title="bbox 380 1108 662 1272">
    <p class='ocr_par' dir='ltr' id='par_1_3' title="bbox 380 1108 662 1272">
     <span class='ocr_line' id='line_1_10' title="bbox 380 1108 661 1163; baseline 0.007 -3"><span class='ocrx_word' id='word_1_52' title='bbox 380 1108 538 1163; x_wconf 81' lang='lat' dir='ltr'>FABULA</span> <span class='ocrx_word' id='word_1_53' title='bbox 566 1111 661 1163; x_wconf 94' lang='lat' dir='ltr'>XXII.</span> 
     </span>
     <span class='ocr_line' id='line_1_11' title="bbox 388 1229 662 1272; baseline -0.004 -1"><span class='ocrx_word' id='word_1_54' title='bbox 388 1229 487 1271; x_wconf 67' lang='lat' dir='ltr'><strong>crinas</strong></span> <span class='ocrx_word' id='word_1_55' title='bbox 507 1231 662 1272; x_wconf 73' lang='lat' dir='ltr'><strong>I&#39;nnIELIc&#39;I.</strong></span> 
     </span>
    </p>
   </div>
   <div class='ocr_carea' id='block_1_4' title="bbox 125 1324 923 1814">
    <p class='ocr_par' dir='ltr' id='par_1_4' title="bbox 125 1324 923 1814">
     <span class='ocr_line' id='line_1_12' title="bbox 162 1324 818 1391; baseline 0.002 -14"><span class='ocrx_word' id='word_1_56' title='bbox 162 1324 282 1378; x_wconf 85' lang='lat' dir='ltr'>Stultum</span> <span class='ocrx_word' id='word_1_57' title='bbox 295 1325 441 1379; x_wconf 88' lang='lat' dir='ltr'><strong>consilium</strong></span> <span class='ocrx_word' id='word_1_58' title='bbox 454 1342 511 1379; x_wconf 91' lang='lat' dir='ltr'><strong>non</strong></span> <span class='ocrx_word' id='word_1_59' title='bbox 524 1327 608 1379; x_wconf 91' lang='lat' dir='ltr'><strong>modo</strong></span> <span class='ocrx_word' id='word_1_60' title='bbox 621 1327 720 1380; x_wconf 88' lang='lat' dir='ltr'><strong>effectu</strong></span> <span class='ocrx_word' id='word_1_61' title='bbox 733 1334 818 1391; x_wconf 84' lang='lat' dir='ltr'><strong>caret,</strong></span> 
     </span>
     <span class='ocr_line' id='line_1_13' title="bbox 126 1407 798 1479; baseline 0.003 -19"><span class='ocrx_word' id='word_1_62' title='bbox 126 1407 182 1460; x_wconf 89' lang='lat' dir='ltr'><strong>Sed</strong></span> <span class='ocrx_word' id='word_1_63' title='bbox 195 1407 231 1460; x_wconf 89' lang='lat' dir='ltr'><strong>ad</strong></span> <span class='ocrx_word' id='word_1_64' title='bbox 244 1409 395 1478; x_wconf 89' lang='lat' dir='ltr'><strong>perniciem</strong></span> <span class='ocrx_word' id='word_1_65' title='bbox 407 1426 517 1479; x_wconf 90' lang='lat' dir='ltr'><strong>quoque</strong></span> <span class='ocrx_word' id='word_1_66' title='bbox 529 1411 661 1464; x_wconf 86' lang='lat' dir='ltr'><strong>mortales</strong></span> <span class='ocrx_word' id='word_1_67' title='bbox 674 1410 798 1464; x_wconf 87' lang='lat' dir='ltr'><strong>devocat.</strong></span> 
     </span>
     <span class='ocr_line' id='line_1_14' title="bbox 161 1491 832 1562; baseline 0.003 -18"><span class='ocrx_word' id='word_1_68' title='bbox 161 1491 274 1545; x_wconf 89' lang='lat' dir='ltr'><strong>Corium</strong></span> <span class='ocrx_word' id='word_1_69' title='bbox 287 1492 450 1562; x_wconf 88' lang='lat' dir='ltr'><strong>depressum</strong></span> <span class='ocrx_word' id='word_1_70' title='bbox 463 1494 491 1547; x_wconf 90' lang='lat' dir='ltr'><strong>in</strong></span> <span class='ocrx_word' id='word_1_71' title='bbox 504 1494 587 1547; x_wconf 87' lang='lat' dir='ltr'><strong>fluvio</strong></span> <span class='ocrx_word' id='word_1_72' title='bbox 599 1494 726 1548; x_wconf 89' lang='lat' dir='ltr'><strong>viderunt</strong></span> <span class='ocrx_word' id='word_1_73' title='bbox 740 1509 832 1546; x_wconf 79' lang='lat' dir='ltr'><strong>canes</strong></span> 
     </span>
     <span class='ocr_line' id='line_1_15' title="bbox 127 1574 764 1644; baseline 0.005 -18"><span class='ocrx_word' id='word_1_74' title='bbox 127 1574 161 1626; x_wconf 93' lang='lat' dir='ltr'><strong>ld</strong></span> <span class='ocrx_word' id='word_1_75' title='bbox 173 1585 202 1628; x_wconf 92' lang='lat' dir='ltr'><strong>ut</strong></span> <span class='ocrx_word' id='word_1_76' title='bbox 214 1576 341 1630; x_wconf 69' lang='lat' dir='ltr'><strong>comesse</strong></span> <span class='ocrx_word' id='word_1_77' title='bbox 354 1586 507 1630; x_wconf 87' lang='lat' dir='ltr'><strong>extractum</strong></span> <span class='ocrx_word' id='word_1_78' title='bbox 520 1585 635 1644; x_wconf 88' lang='lat' dir='ltr'><strong>possent</strong></span> <span class='ocrx_word' id='word_1_79' title='bbox 648 1576 764 1642; x_wconf 75' lang='lat' dir='ltr'><strong>sacilibS,</strong></span> 
     </span>
     <span class='ocr_line' id='line_1_16' title="bbox 125 1658 923 1729; baseline 0 -17"><span class='ocrx_word' id='word_1_80' title='bbox 125 1659 237 1729; x_wconf 91' lang='lat' dir='ltr'><strong>Aquam</strong></span> <span class='ocrx_word' id='word_1_81' title='bbox 250 1676 360 1728; x_wconf 90' lang='lat' dir='ltr'><strong>coepere</strong></span> <span class='ocrx_word' id='word_1_82' title='bbox 373 1661 501 1714; x_wconf 86' lang='lat' dir='ltr'><strong>ebibere:</strong></span> <span class='ocrx_word' id='word_1_83' title='bbox 520 1658 570 1712; x_wconf 90' lang='lat' dir='ltr'><strong>sed</strong></span> <span class='ocrx_word' id='word_1_84' title='bbox 583 1660 655 1728; x_wconf 89' lang='lat' dir='ltr'><strong>rupti</strong></span> <span class='ocrx_word' id='word_1_85' title='bbox 679 1659 753 1728; x_wconf 83' lang='lat' dir='ltr'><strong>prius</strong></span> <span class='ocrx_word' id='word_1_86' title='bbox 909 1667 923 1724; x_wconf 82' lang='lat'><strong>5</strong></span> 
     </span>
     <span class='ocr_line' id='line_1_17' title="bbox 128 1742 791 1814; baseline -0.002 -19"><span class='ocrx_word' id='word_1_87' title='bbox 128 1742 244 1814; x_wconf 86' lang='lat' dir='ltr'><strong>Periere,</strong></span> <span class='ocrx_word' id='word_1_88' title='bbox 257 1743 342 1812; x_wconf 73' lang='lat' dir='ltr'><strong>qubm</strong></span> <span class='ocrx_word' id='word_1_89' title='bbox 355 1742 430 1812; x_wconf 92' lang='lat' dir='ltr'><strong>quod</strong></span> <span class='ocrx_word' id='word_1_90' title='bbox 443 1743 579 1811; x_wconf 88' lang='lat' dir='ltr'><strong>petlerant</strong></span> <span class='ocrx_word' id='word_1_91' title='bbox 593 1742 791 1810; x_wconf 87' lang='lat' dir='ltr'><strong>contingerent.</strong></span> 
     </span>
    </p>
   </div>
   <div class='ocr_carea' id='block_1_5' title="bbox 339 1913 716 2074">
    <p class='ocr_par' dir='ltr' id='par_1_5' title="bbox 339 1913 716 2074">
     <span class='ocr_line' id='line_1_18' title="bbox 378 1913 675 1968; baseline -0.007 -1"><span class='ocrx_word' id='word_1_92' title='bbox 378 1914 537 1968; x_wconf 85' lang='lat' dir='ltr'><strong>FABULA</strong></span> <span class='ocrx_word' id='word_1_93' title='bbox 563 1913 675 1966; x_wconf 87' lang='lat' dir='ltr'>XXIII.</span> 
     </span>
     <span class='ocr_line' id='line_1_19' title="bbox 339 2031 716 2074; baseline 0 -2"><span class='ocrx_word' id='word_1_94' title='bbox 339 2033 398 2074; x_wconf 76' lang='lat' dir='ltr'><strong>uno</strong></span> <span class='ocrx_word' id='word_1_95' title='bbox 417 2032 520 2074; x_wconf 72' lang='lat' dir='ltr'><strong>surrex</strong></span> <span class='ocrx_word' id='word_1_96' title='bbox 540 2034 578 2074; x_wconf 79' lang='lat' dir='ltr'><strong>ET</strong></span> <span class='ocrx_word' id='word_1_97' title='bbox 596 2031 716 2074; x_wconf 77' lang='lat' dir='ltr'><strong>Asinus</strong></span> 
     </span>
    </p>
   </div>
   <div class='ocr_carea' id='block_1_6' title="bbox 130 2127 927 2860">
    <p class='ocr_par' dir='ltr' id='par_1_6' title="bbox 130 2127 927 2860">
     <span class='ocr_line' id='line_1_20' title="bbox 165 2127 792 2198; baseline 0 -19"><span class='ocrx_word' id='word_1_98' title='bbox 165 2127 338 2196; x_wconf 79' lang='lat' dir='ltr'><strong>Quicumque</strong></span> <span class='ocrx_word' id='word_1_99' title='bbox 351 2129 444 2182; x_wconf 87' lang='lat' dir='ltr'><strong>amisit</strong></span> <span class='ocrx_word' id='word_1_100' title='bbox 458 2129 622 2198; x_wconf 85' lang='lat' dir='ltr'><strong>dignitatern</strong></span> <span class='ocrx_word' id='word_1_101' title='bbox 636 2127 792 2197; x_wconf 84' lang='lat' dir='ltr'><strong>pristinam,</strong></span> 
     </span>
     <span class='ocr_line' id='line_1_21' title="bbox 131 2209 707 2280; baseline 0.002 -18"><span class='ocrx_word' id='word_1_102' title='bbox 131 2209 243 2278; x_wconf 87' lang='lat' dir='ltr'><strong>ignavis</strong></span> <span class='ocrx_word' id='word_1_103' title='bbox 255 2210 339 2264; x_wconf 90' lang='lat' dir='ltr'><strong>etiam</strong></span> <span class='ocrx_word' id='word_1_104' title='bbox 350 2210 430 2280; x_wconf 90' lang='lat' dir='ltr'><strong>jocus</strong></span> <span class='ocrx_word' id='word_1_105' title='bbox 444 2223 486 2266; x_wconf 89' lang='lat' dir='ltr'><strong>est</strong></span> <span class='ocrx_word' id='word_1_106' title='bbox 500 2213 528 2265; x_wconf 90' lang='lat' dir='ltr'><strong>in</strong></span> <span class='ocrx_word' id='word_1_107' title='bbox 542 2229 609 2266; x_wconf 83' lang='lat' dir='ltr'><strong>casu</strong></span> <span class='ocrx_word' id='word_1_108' title='bbox 623 2211 707 2280; x_wconf 88' lang='lat' dir='ltr'><strong>gravi.</strong></span> 
     </span>
     <span class='ocr_line' id='line_1_22' title="bbox 166 2292 689 2349; baseline 0.008 -5"><span class='ocrx_word' id='word_1_109' title='bbox 166 2292 298 2346; x_wconf 87' lang='lat' dir='ltr'><strong>Defectus</strong></span> <span class='ocrx_word' id='word_1_110' title='bbox 312 2295 393 2348; x_wconf 91' lang='lat' dir='ltr'><strong>annis</strong></span> <span class='ocrx_word' id='word_1_111' title='bbox 406 2305 434 2349; x_wconf 90' lang='lat' dir='ltr'><strong>et</strong></span> <span class='ocrx_word' id='word_1_112' title='bbox 447 2294 572 2349; x_wconf 89' lang='lat' dir='ltr'><strong>desertus</strong></span> <span class='ocrx_word' id='word_1_113' title='bbox 585 2295 689 2348; x_wconf 91' lang='lat' dir='ltr'><strong>viribus</strong></span> 
     </span>
     <span class='ocr_line' id='line_1_23' title="bbox 131 2377 850 2447; baseline 0.003 -19"><span class='ocrx_word' id='word_1_114' title='bbox 131 2377 186 2429; x_wconf 87' lang='lat' dir='ltr'><strong>Leo</strong></span> <span class='ocrx_word' id='word_1_115' title='bbox 200 2392 285 2444; x_wconf 89' lang='lat' dir='ltr'><strong>quum</strong></span> <span class='ocrx_word' id='word_1_116' title='bbox 295 2378 408 2447; x_wconf 91' lang='lat' dir='ltr'><strong>jaceret,</strong></span> <span class='ocrx_word' id='word_1_117' title='bbox 422 2379 548 2447; x_wconf 89' lang='lat' dir='ltr'><strong>spiritum</strong></span> <span class='ocrx_word' id='word_1_118' title='bbox 561 2388 715 2433; x_wconf 90' lang='lat' dir='ltr'><strong>extremum</strong></span> <span class='ocrx_word' id='word_1_119' title='bbox 728 2377 850 2446; x_wconf 77' lang='lat' dir='ltr'><strong>trahem,</strong></span> 
     </span>
     <span class='ocr_line' id='line_1_24' title="bbox 130 2459 927 2528; baseline 0.005 -16"><span class='ocrx_word' id='word_1_120' title='bbox 130 2461 205 2527; x_wconf 81' lang='lat' dir='ltr'><strong>Aper</strong></span> <span class='ocrx_word' id='word_1_121' title='bbox 217 2459 355 2513; x_wconf 83' lang='lat' dir='ltr'><strong>fulmineis</strong></span> <span class='ocrx_word' id='word_1_122' title='bbox 369 2461 482 2514; x_wconf 87' lang='lat' dir='ltr'><strong>adeum</strong></span> <span class='ocrx_word' id='word_1_123' title='bbox 495 2462 570 2514; x_wconf 90' lang='lat' dir='ltr'><strong>venit</strong></span> <span class='ocrx_word' id='word_1_124' title='bbox 583 2462 722 2528; x_wconf 78' lang='lat' dir='ltr'><strong>dentibuS,</strong></span> <span class='ocrx_word' id='word_1_125' title='bbox 913 2470 927 2526; x_wconf 84' lang='grc'><strong><em>5</em></strong></span> 
     </span>
     <span class='ocr_line' id='line_1_25' title="bbox 131 2543 685 2613; baseline 0.005 -19"><span class='ocrx_word' id='word_1_126' title='bbox 131 2545 167 2597; x_wconf 85' lang='lat' dir='ltr'><strong>Et</strong></span> <span class='ocrx_word' id='word_1_127' title='bbox 180 2543 332 2597; x_wconf 85' lang='lat' dir='ltr'><strong>vindicavit</strong></span> <span class='ocrx_word' id='word_1_128' title='bbox 345 2544 401 2597; x_wconf 91' lang='lat' dir='ltr'><strong>ictu</strong></span> <span class='ocrx_word' id='word_1_129' title='bbox 413 2554 536 2598; x_wconf 89' lang='lat' dir='ltr'><strong>veterem</strong></span> <span class='ocrx_word' id='word_1_130' title='bbox 549 2544 685 2613; x_wconf 85' lang='lat' dir='ltr'><strong>injuriam.</strong></span> 
     </span>
     <span class='ocr_line' id='line_1_26' title="bbox 134 2627 707 2682; baseline 0.005 -4"><span class='ocrx_word' id='word_1_131' title='bbox 134 2627 244 2680; x_wconf 85' lang='lat' dir='ltr'><strong>Infestis</strong></span> <span class='ocrx_word' id='word_1_132' title='bbox 258 2637 351 2679; x_wconf 88' lang='lat' dir='ltr'><strong>taurus</strong></span> <span class='ocrx_word' id='word_1_133' title='bbox 365 2643 428 2678; x_wconf 85' lang='lat' dir='ltr'><strong>rnox</strong></span> <span class='ocrx_word' id='word_1_134' title='bbox 441 2627 564 2681; x_wconf 83' lang='lat' dir='ltr'><strong>confodit</strong></span> <span class='ocrx_word' id='word_1_135' title='bbox 578 2629 707 2682; x_wconf 91' lang='lat' dir='ltr'><strong>cornibus</strong></span> 
     </span>
     <span class='ocr_line' id='line_1_27' title="bbox 133 2708 739 2777; baseline 0.002 -17"><span class='ocrx_word' id='word_1_136' title='bbox 133 2708 244 2761; x_wconf 90' lang='lat' dir='ltr'><strong>Hostile</strong></span> <span class='ocrx_word' id='word_1_137' title='bbox 257 2725 363 2777; x_wconf 81' lang='lat' dir='ltr'><strong>corpus</strong></span> <span class='ocrx_word' id='word_1_138' title='bbox 401 2710 513 2776; x_wconf 77' lang='lat' dir='ltr'><strong>AsinuS,</strong></span> <span class='ocrx_word' id='word_1_139' title='bbox 526 2721 556 2764; x_wconf 94' lang='lat' dir='ltr'><strong>ut</strong></span> <span class='ocrx_word' id='word_1_140' title='bbox 569 2711 638 2765; x_wconf 91' lang='lat' dir='ltr'><strong>vidit</strong></span> <span class='ocrx_word' id='word_1_141' title='bbox 650 2711 739 2764; x_wconf 84' lang='lat' dir='ltr'><strong>serum</strong></span> 
     </span>
     <span class='ocr_line' id='line_1_28' title="bbox 136 2790 721 2860; baseline 0.005 -17"><span class='ocrx_word' id='word_1_142' title='bbox 136 2792 253 2860; x_wconf 89' lang='lat' dir='ltr'><strong>Impune</strong></span> <span class='ocrx_word' id='word_1_143' title='bbox 265 2791 337 2858; x_wconf 88' lang='lat' dir='ltr'><strong>laedi,</strong></span> <span class='ocrx_word' id='word_1_144' title='bbox 352 2790 474 2846; x_wconf 87' lang='lat' dir='ltr'><strong>calcibus</strong></span> <span class='ocrx_word' id='word_1_145' title='bbox 487 2793 606 2847; x_wconf 87' lang='lat' dir='ltr'><strong>frontem</strong></span> <span class='ocrx_word' id='word_1_146' title='bbox 619 2791 721 2847; x_wconf 86' lang='lat' dir='ltr'><strong>exterit.</strong></span> 
     </span>
    </p>
   </div>
   <div class='ocr_carea' id='block_1_7' title="bbox 0 0 1101 3270">
    <p class='ocr_par' dir='ltr' id='par_1_7' title="bbox 0 0 1101 3270">
     <span class='ocr_line' id='line_1_29' title="bbox 0 0 1101 3270; baseline 0 0"><span class='ocrx_word' id='word_1_147' title='bbox 0 0 1101 3270; x_wconf 95' lang='lat' dir='ltr'><strong> </strong></span> 
     </span>
    </p>
   </div>
  </div>
 </body>
</html>
