2168 3270
162 201 177 240 2
329 187 508 242 PHAEDRI
527 189 793 245 FABULARUM

161 328 245 398 “Qui
257 345 379 400 possum,
393 347 497 401 quaes0‚
510 331 611 402 facere,
624 333 700 402 quod
714 333 844 404 quereriS,
857 331 942 402 lupe?

160 414 187 466 A
199 423 227 466 te
239 412 358 468 decurrit
370 414 407 467 ad
419 431 497 468 meos
510 415 626 471 haustds
639 417 752 486 liquor.''

161 496 299 564 Repulsus
312 497 359 551 ille
371 497 494 552 veritatis
507 498 619 566 viribus
942 517 959 570 9

161 579 261 633 “Ante
274 579 325 634 hos
339 597 387 634 sex
399 597 510 634 menses
523 581 621 650 nrale‚''
634 582 681 650 ait,
700 583 818 638 “dixisti
831 584 924 638 mihi.''

162 665 318 734 Respondit
330 683 427 735 agnus,
441 670 457 697 “
469 667 609 737 Equidem
621 678 703 723 natus
715 687 772 724 non
785 672 885 725 eram.”

160 751 177 782 ¹‘
188 750 277 817 Pater,
289 749 410 817 hercule,
423 751 510 816 tuus,’'
523 751 621 820 inquit,
635 753 801 808 “maledixit
815 754 907 807 mihi.’'

159 833 252 901 Atque
266 833 304 885 ita
317 842 474 902 correptum
486 834 590 888 lacerat
603 835 707 904 injustis
720 853 795 890 nece.

197 916 268 968 Haec
282 925 395 984 propter
407 916 469 970 illos
483 917 587 986 scripta
600 928 642 971 est
654 918 782 976 homines
796 920 899 989 sabula,

162 997 216 1067 Qui
230 997 300 1050 fictis
314 997 405 1050 causis
419 997 581 1052 innocentes
595 999 762 1067 opprimunt.
928 1011 957 1072 13

451 1181 610 1238 FABULA
634 1185 671 1238 Il.

355 1314 449 1356 RANAE
469 1315 577 1358 REGEM
597 1318 762 1361 PETENTES.

194 1424 313 1479 Athenae
326 1440 412 1494 quum
424 1424 552 1479 florerent
565 1426 652 1495 aequis
665 1426 781 1496 legibus,

160 1508 266 1562 Procax
279 1508 392 1562 libertas
407 1508 548 1562 civitatem
561 1508 680 1577 miscuit,

160 1592 336 1660 Frenumque
349 1591 430 1644 solvit
443 1591 591 1659 pristinum
603 1592 722 1646 licentia.

160 1675 245 1742 Hinc,
258 1673 423 1742 conspiratis
436 1673 588 1727 lactionum
601 1675 734 1743 partibus,

157 1756 260 1809 Arcem
274 1763 406 1822 tyrannus
420 1766 538 1827 occupat
553 1756 721 1811 Pisistratus.
943 1773 957 1829 ς
1008 1799 1010 1803 ,

159 1839 252 1907 Quum
266 1838 372 1892 tristem
386 1839 546 1893 servitutem
560 1839 655 1893 flerent
668 1839 793 1894 Attici-

158 1923 225 1975 Non
238 1922 303 1991 quia
316 1921 434 1976 crudelis
448 1922 502 1994 ille,
516 1923 711 1993 sedquoniam
725 1941 809 1992 grave
840 1937 843 1943 '

159 2007 250 2059 Omne
263 2005 378 2058 insuetis
392 2016 525 2059 onus—et
539 2007 690 2075 coepissent
704 2007 789 2080 queri,

156 2091 280 2159 AEsopus
293 2089 378 2143 talem
391 2099 450 2143 tum
462 2091 595 2144 fabellam
608 2091 708 2144 retulit.

193 2173 290 2239 Ranae,
303 2180 438 2240 vagantes
451 2172 544 2226 liberis
558 2171 715 2241 paludibus,

157 2255 285 2310 Clamore
296 2272 400 2324 magno
413 2272 507 2325 regem
520 2255 624 2325 petiere
637 2273 654 2308 a
666 2257 744 2324 Jove,

157 2339 211 2407 Qui
225 2339 373 2396 dissolutos
386 2357 479 2394 mores
493 2340 520 2393 vi
534 2349 730 2408 compesceret.

156 2423 238 2476 Pater
250 2422 365 2477 deorum
378 2425 447 2493 risit,
460 2432 545 2493 atque
557 2423 610 2477 illis
623 2423 700 2477 dedit

155 2507 275 2560 Parvum
287 2508 407 2577 tigillum
422 2526 429 2562 ι
446 2507 564 2560 missum
577 2506 653 2575 quod
665 2506 757 2561 subito
770 2505 850 2561 vadis

154 2590 234 2643 Motu
248 2607 373 2660 sonoque
386 2590 482 2644 tenuit
494 2588 629 2657 pavidum
641 2605 737 2656 genus.
923 2603 954 2660 15

153 2675 218 2730 Hoc
231 2692 355 2730 mersum
367 2675 435 2728 limo
447 2691 534 2743 quum
543 2675 648 2744 jaceret
661 2673 772 2740 diutins,

152 2760 236 2815 Forte
248 2776 305 2814 una
317 2757 401 2814 tacite
414 2757 517 2830 profert
531 2775 546 2813 e
559 2767 659 2826 stagno
672 2767 765 2826 caput,
