2168 3270
431 261 559 316 LIBER
582 261 606 316 I.

403 458 561 512 FABULA
585 457 635 510 VI.

391 564 486 607 aarum
517 565 557 606 nr
587 564 651 607 sot.

157 649 249 705 Vicini
262 649 330 704 suris
344 650 466 704 celebres
479 649 548 704 vidit
561 648 673 718 nuptias

120 739 243 806 AEsopus
256 744 284 788 et
298 733 430 788 continuo
443 749 556 786 narrare
569 731 684 801 incipit:

157 821 281 874 Uxorem
294 817 437 886 quondam
451 816 498 870 Sol
512 832 598 885 quum
610 814 692 868 vellet
705 813 814 880 ducere,

121 903 280 956 Clamorem
293 917 369 954 ranae
383 899 518 954 sustulere
530 899 567 953 ad
581 898 680 952 sidera.

121 985 256 1039 Convicio
268 994 411 1054 permotus
425 983 525 1053 quaerit
537 983 647 1052 Jupiter
905 992 919 1049 5

122 1070 244 1139 Causam
258 1067 385 1137 querelae.
424 1066 565 1136 Quaedam
578 1074 638 1120 tum
652 1065 744 1134 stagni
757 1064 864 1118 incola:

121 1155 137 1181 “
149 1153 175 1204 N
179 1152 257 1218 unc,”
270 1151 369 1219 inquit,
382 1153 506 1204 “omnes
518 1167 590 1204 unus
603 1149 691 1204 exurit
704 1150 790 1215 lacus,

122 1234 259 1303 Cogitque
274 1233 389 1286 miseras
402 1232 482 1286 arida
494 1233 561 1288 sede
573 1231 667 1286 emori.

122 1317 264 1387 Quidnam
278 1315 399 1370 futurum
412 1326 463 1385 est,
477 1315 500 1371 si
513 1315 613 1370 creant
625 1315 727 1369 liberos
738 1313 768 1368 ?”
903 1326 921 1382 9

396 1473 556 1527 FABULA
580 1473 647 1525 Vll.

271 1581 389 1624 vutrns
409 1581 448 1622 nr
468 1579 611 1622 eansonm
629 1577 771 1620 unnuicn.

160 1668 312 1722 Personam
325 1666 461 1736 tragicam
473 1665 543 1718 sorte
556 1664 653 1732 vulpes
666 1663 780 1717 viderat.

123 1751 176 1802 “O
205 1758 310 1818 quanta
337 1748 489 1817 species!''
519 1746 629 1818 inquit;
661 1745 833 1801 “cerebrum
866 1761 921 1798 non

194 1832 316 1886 habet!''

161 1917 225 1970 Hoc
238 1916 292 1970 iilis
305 1915 412 1969 dictum
424 1924 476 1983 est,
487 1913 589 1985 quibus
601 1913 736 1969 honorem
748 1923 775 1968 et
788 1913 905 1982 gloriam

124 2002 249 2054 Fortuna
260 1999 364 2067 tribuit,
378 2014 492 2054 sensum
505 2014 683 2052 communem
696 1999 817 2053 abstulit.
906 2011 924 2062 4

390 2155 550 2210 FABULA
573 2154 656 2208 V111.

379 2263 479 2306 Lupus
510 2263 550 2304 m
579 2261 668 2304 caus.

162 2347 216 2416 Qui
230 2347 348 2416 pretium
361 2347 451 2401 meriti
465 2347 502 2400 ab
516 2345 650 2414 improbis
664 2343 812 2411 desiderat,

126 2432 175 2484 Bis
188 2441 301 2500 peccat:
320 2429 442 2499 primum
454 2430 588 2500 quoniam
602 2427 730 2496 indignos
744 2427 865 2496 adjuvat,

128 2517 138 2567 1
143 2515 245 2584 mpund
258 2514 334 2570 abire
348 2514 448 2568 deinde
461 2514 527 2583 quia
535 2514 597 2582 jam
610 2528 666 2565 non
679 2521 778 2581 potest.

163 2599 203 2651 Os
216 2598 379 2652 devoratum
392 2596 471 2651 fauce
484 2613 570 2667 quum
583 2595 699 2650 haereret
712 2595 778 2664 lupi,

128 2683 235 2750 Magno
247 2681 342 2735 dolore
355 2681 444 2735 victus
458 2681 542 2750 coepit
556 2679 680 2747 singulos
909 2693 923 2748 5

129 2764 235 2818 illicere
247 2762 344 2833 pretio,
357 2772 387 2817 ut
400 2760 469 2815 illud
481 2762 656 2818 extraherent
668 2764 781 2818 malum.

127 2847 255 2901 Tandem
269 2861 401 2916 persuasa
414 2854 455 2900 est
464 2845 643 2916 jurejurando
656 2846 731 2915 gruis
743 2866 750 2911 ;
