2168 3270
149 237 181 296 18
313 239 491 315 PHAEDRI
510 237 777 292 FABULARUM

332 483 474 536 LIBER
506 481 761 536 SECUNDUS.

437 653 658 708 PROLOGUS.

184 775 325 844 Exemplis
339 773 497 830 continetur
509 773 609 842 AEsopi
621 789 709 841 genus
721 791 729 838 ;

185 861 245 912 Nec
259 859 335 912 aliud
347 858 501 928 quidquam
513 873 563 926 per
574 857 690 910 fabellas
703 856 843 928 quaeritur,

186 943 278 1010 Quam
290 943 444 1011 corrigatur
456 958 532 995 error
544 950 574 994 ut
586 941 754 1010 mortalium,

182 1027 329 1095 Acuatque
342 1041 403 1079 sese
416 1025 534 1093 diligens
548 1023 691 1077 industria.

185 1108 360 1177 Quicumque
372 1106 453 1161 suerit
467 1124 532 1176 ergo
545 1107 668 1161 narranti
679 1106 769 1176 jocuS,
931 1119 946 1176 5

184 1194 261 1244 Dum
273 1189 366 1259 capiat
379 1206 482 1258 aurem,
495 1199 523 1244 et
536 1199 626 1244 servet
639 1191 812 1259 propositum
826 1206 915 1258 suum,

184 1276 226 1327 Re
238 1273 459 1340 commendatur,
473 1290 529 1326 non
543 1272 664 1326 auctoris
677 1274 797 1327 nomine.

184 1355 324 1426 Equidem
337 1353 412 1409 omni
426 1362 493 1409 cura
506 1372 612 1410 morem
626 1356 743 1409 servabo
757 1356 831 1409 senis
843 1374 850 1420 ;

184 1440 240 1494 Sed
253 1439 276 1493 si
289 1439 399 1494 libuerit
412 1439 518 1508 aliquid
531 1439 715 1509 interponere,
809 1453 810 1456 ’

185 1523 331 1577 Dictorum
344 1529 443 1577 sensus
456 1532 486 1576 ut
499 1523 617 1577 delectet
630 1524 760 1591 varietate,
918 1535 950 1574 10

184 1608 278 1659 Bonas
291 1606 320 1659 in
333 1615 434 1675 partes,
445 1606 539 1673 lector,
553 1607 676 1676 accipias
689 1607 779 1661 velim.

185 1688 231 1742 Sic
245 1688 329 1742 istam
341 1688 391 1741 tibi
405 1688 538 1757 rependet
550 1690 673 1743 brevitas
686 1689 825 1758 gratiam:

185 1769 270 1838 Cujus
283 1771 401 1823 verbosa
414 1787 449 1822 ne
463 1770 499 1824 sit
511 1772 728 1840 commendati0‚

183 1853 304 1906 Attende
317 1870 366 1907 cur
378 1870 480 1922 negare
494 1856 602 1926 cupidis
616 1856 729 1924 debeas,

185 1936 321 1990 Modestis
334 1937 418 1991 etiam
431 1938 538 2009 offerre,
551 1940 626 2010 quod
638 1957 695 1994 non
708 1939 843 2009 petierint.
919 1953 950 2010 15

448 2100 608 2154 FABULA
630 2101 651 2152 Ι.

290 2217 459 2275 Juvuncus
479 2221 547 2276 nso,
566 2220 605 2260 nr
624 2219 807 2262 enmont‘on.

186 2315 275 2384 Super
284 2316 437 2384 juvencum
451 2317 544 2370 stabat
557 2317 696 2386 dejectum
708 2321 751 2370 leo
766 2337 772 2369 :

151 2397 296 2451 Praedator
310 2399 467 2466 intervenit,
481 2408 589 2467 partem
601 2400 763 2466 postulans3

149 2482 166 2510 “
177 2483 307 2550 Darem,''
321 2482 419 2551 inquit,
433 2484 449 2511 “
459 2481 512 2534 nisi
526 2481 628 2534 soleres
641 2498 691 2550 per
702 2491 730 2534 te
744 2493 852 2534 sumere
867 2477 897 2530 :”

150 2564 187 2616 Et
201 2563 359 2633 improbum
372 2565 474 2634 reJecit.
514 2566 597 2617 Forte
610 2564 737 2619 innoxius

149 2645 248 2700 Viator
260 2655 302 2700 est
316 2648 451 2701 deductus
465 2647 493 2700 in
507 2647 626 2700 eundem
639 2648 742 2714 locum,
933 2661 949 2718 5

151 2730 278 2798 Feroque
290 2730 350 2782 viso
363 2730 455 2782 retulit
468 2739 541 2782 retro
554 2731 663 2799 pedem.

152 2811 204 2866 Cui
217 2811 342 2879 placidus
357 2811 409 2878 ille,
420 2812 438 2840 “
449 2813 476 2863 N
479 2828 515 2864 on
529 2823 571 2866 est
585 2813 660 2881 quod
673 2812 797 2882 timeas,”
809 2812 848 2867 ait
860 2832 868 2879 3
