2168 3270
429 209 557 264 LIBER
580 211 620 266 ΙΙ.

128 348 201 404 Altis
214 350 251 404 ab
264 351 345 405 astris
358 351 458 406 duram
470 352 559 408 illidat
572 355 704 410 corticem
717 373 723 410 :

129 433 192 502 Qua
207 435 379 490 comminuta
391 435 473 491 facile
486 448 614 492 vescatur
626 440 696 493 cibo.
733 467 735 474 ·

129 518 248 573 Inducta
261 519 353 573 verbis
366 521 460 590 aquila
472 523 585 576 monitis
598 525 697 592 paruit,

129 600 219 654 Simul
231 610 259 655 et
271 603 414 671 magistrae
426 603 503 672 large
515 606 610 660 divisit
623 607 734 676 dapem.
898 622 926 677 ις

128 683 174 738 Sic
188 692 248 738 tuta
261 701 324 753 quae
336 695 445 740 naturae
457 687 546 741 fuerat
558 705 680 758 munere,

128 767 225 838 Impar
237 768 355 838 duabus,
369 769 471 824 occidit
483 770 554 825 tristi
567 787 643 827 nece.
897 789 928 841 17

400 928 561 982 FABULA
578 930 660 984 VIII.

364 1048 445 1090 uum
465 1049 504 1089 m
523 1049 692 1092 cranouss.

164 1143 235 1198 Muli
248 1144 355 1213 gravati
370 1144 487 1198 sarcinis
502 1144 580 1198 ibant
593 1145 649 1198 duo
666 1165 671 1198 :

129 1221 211 1282 Unus
225 1227 331 1282 ferebat
345 1227 427 1281 fiscos
441 1244 505 1280 cum
518 1229 644 1295 pecunia,

127 1311 207 1365 Alter
219 1319 358 1365 tumentes
371 1311 459 1362 multo
472 1323 570 1364 saccos
584 1311 696 1364 hordeo

129 1395 180 1449 Ille
193 1411 276 1448 onere
290 1393 466 1462 dives,ce1su
480 1394 586 1447 cervice
600 1395 734 1462 eminens,

129 1478 298 1547 Clarumque
311 1477 383 1531 collo
394 1476 505 1546 jactans
520 1477 736 1530 tintinnabulum
752 1497 758 1532 :
912 1494 926 1551 5

129 1565 232 1618 Comes
246 1562 339 1633 quieto
353 1563 477 1633 sequitur
490 1573 517 1617 et
530 1563 642 1632 placido
654 1563 750 1632 gradu.

129 1645 228 1701 Subito
243 1647 365 1700 latrones
379 1664 413 1700 ex
426 1645 534 1699 insidiis
547 1646 687 1713 advolant,

130 1732 260 1799 Interque
273 1730 380 1784 caedem
393 1729 465 1784 ferro
478 1729 584 1782 mulum
597 1731 733 1786 trusitant.

129 1813 271 1882 Diripiunt
284 1830 422 1881 nummos,
437 1813 581 1881 negligunt
594 1814 647 1867 vile
659 1813 802 1870 hordeum

130 1896 272 1964 Spoliatus
285 1897 368 1964 igitur
381 1902 462 1950 castis
476 1913 563 1966 quum
576 1897 652 1951 fleret
666 1915 739 1967 suos,
898 1916 929 1954 10

128 1981 145 2008 “
155 1979 319 2048 Equidenr,’'
332 1979 420 2049 inquit
433 1981 510 2046 alter,
522 1983 591 2034 “me
601 1993 791 2053 contemptum
801 1985 910 2054 gaudeo
921 2005 928 2051 ;

128 2063 205 2115 Nam
218 2062 287 2115 nihil
300 2064 390 2131 amisi,
404 2079 454 2117 nec
469 2080 531 2116 sum
544 2065 627 2118 laesus
641 2067 776 2121 vulnere.’'

165 2144 229 2198 Hoc
243 2155 407 2213 argumento
420 2155 480 2200 tuta
493 2157 535 2200 est
547 2147 693 2201 hominum
706 2151 835 2219 tenuitas,

128 2229 244 2297 Magnae
257 2228 361 2297 periclo
375 2239 439 2282 sunt
452 2246 519 2298 opes
533 2231 668 2286 obnoxiae.
898 2249 929 2300 14

415 2399 576 2453 FABULA
596 2401 645 2454 IX.

377 2518 497 2561 csnvus
517 2519 556 2560 m·
575 2519 679 2563 novas.

165 2614 279 2682 Cervus,
293 2617 447 2670 nemorosis
460 2615 595 2670 excitatus
609 2617 740 2688 latibulis,

128 2698 171 2752 Ut
183 2707 346 2752 venatorum
358 2698 465 2767 fugeret
478 2698 630 2754 instantem
643 2719 749 2772 necem,

127 2783 215 2837 Caeco
228 2782 327 2838 timore
339 2783 497 2853 proximam
509 2784 605 2838 villam
619 2787 695 2856 petit,
