2168 3270
443 248 568 302 LIBER
591 247 614 302 Ι.

129 394 147 424 “
159 393 232 458 Heu,
247 400 352 460 quanta
365 391 446 444 nobis
460 391 545 445 instat
557 391 693 461 pernicies
705 397 710 449 l
722 395 736 421 ''
753 395 800 453 ait.

131 479 306 543 Interrogata
318 473 355 527 ab
367 474 430 543 alia,
443 491 492 527 cur
503 474 557 528 hoc
569 475 682 546 diceret,

130 562 175 613 De
188 558 346 627 principatu
360 573 446 626 quum
459 558 632 612 decertarent
644 561 744 629 gregis,

131 641 282 712 Longeque
294 641 331 694 ab
345 640 398 693 illis
411 641 542 709 degerent
554 641 641 696 vitam
653 643 738 698 boves
753 665 760 697 :

131 727 210 779 “Est
224 725 307 778 statio
321 734 459 793 separata,
472 742 505 777 ac
519 725 659 779 diversum
671 744 779 795 genus;

131 810 194 876 Sed,
208 809 305 877 pulsus
319 823 404 874 regno
417 808 547 874 nemoris,
562 809 608 878 qui
623 810 783 881 profugerit,

131 891 246 947 Paludis
259 891 288 944 in
301 900 408 944 secreta
420 890 513 944 veniet
524 891 648 946 latibula.

131 979 169 1030 Et
181 975 356 1046 proculcatas
370 974 477 1027 obteret
490 974 560 1027 duro
572 976 651 1044 pede.

130 1061 223 1131 Caput
236 1059 275 1114 ita
288 1058 325 1112 ad
337 1067 463 1112 nostrum
475 1057 550 1112 suror
562 1058 671 1113 illorum
684 1061 825 1130 pertinet.”
898 1079 926 1119 11

370 1214 530 1269 FABULA
549 1215 693 1270 XXXIII.

346 1335 475 1378 nutvws
496 1335 535 1376 as
553 1335 716 1378 εοωΜιυεη

169 1433 223 1502 Qui
237 1449 267 1488 se
282 1431 432 1487 committit
445 1429 552 1483 homini
565 1430 712 1484 tutandum
725 1430 860 1500 improbo,

131 1516 243 1570 Auxilia
255 1517 323 1569 dum
337 1513 459 1585 requirit,
473 1512 586 1566 exitium
599 1513 711 1566 invenit.

169 1600 315 1653 Columbae
329 1615 404 1667 saepe
417 1613 503 1667 quum
515 1594 650 1664 fugissent
663 1595 796 1663 milvium,

134 1683 171 1735 Et
184 1683 325 1736 celeritate
339 1699 439 1751 pennae
453 1679 589 1733 vitassent
601 1695 707 1745 necem,

133 1766 287 1819 Consilium
300 1777 394 1835 raptor
406 1765 488 1818 vertit
501 1763 539 1816 ad
550 1761 696 1830 fallaciam,

134 1849 171 1902 Et
183 1865 271 1917 genus
284 1850 389 1903 inerme
402 1849 451 1903 tali
465 1847 575 1917 decepit
588 1845 652 1901 dolo
667 1864 673 1898 :

134 1931 253 2000 “Quare
266 1933 417 1987 sollicitum
429 1931 523 2000 potius
537 1946 629 1984 aevum
642 1928 750 1997 ducitis,

135 2015 226 2082 Quam
239 2032 333 2085 regem
345 2031 391 2070 me
404 2014 505 2069 creatis
519 2014 575 2068 icto
588 2013 702 2078 foedere,

135 2097 189 2166 Qui
202 2115 252 2152 vos
265 2099 303 2153 ab
315 2099 391 2152 omni
405 2107 478 2152 tutas
491 2106 623 2172 praestem
636 2094 736 2164 injuria
745 2096 756 2149 i
764 2094 778 2121 ’'

137 2181 196 2234 111ae
209 2182 353 2236 credentes
367 2181 480 2236 tradunt
492 2196 553 2234 sese
566 2180 670 2246 milvio,
901 2195 930 2231 10

136 2262 199 2331 Qui,
213 2279 329 2330 regnum
342 2263 468 2331 adeptus,
482 2262 567 2331 coepit
580 2263 655 2316 vesci
670 2261 800 2329 singulae,

136 2344 174 2396 Et
186 2359 313 2398 exercere
326 2345 472 2414 imperium
485 2344 566 2398 saevis
579 2345 724 2412 unguibus.

137 2427 182 2480 De
194 2427 306 2496 reliqiiis
319 2435 384 2482 tunc
398 2444 462 2497 una,
475 2430 492 2458 “
503 2426 605 2482 Merito
617 2427 787 2497 plectimur.’'
