2168 3270
146 183 164 236 8
314 185 493 260 PHAEDRI
514 185 781 242 FABULARUM

147 324 308 380 Venantum
321 326 412 380 subitb
425 328 540 382 vocibus
553 329 727 397 conterritus,

149 408 202 461 Per
215 425 346 477 campum
359 409 453 477 sugere
467 411 560 478 coepit,
573 419 601 465 et
614 428 696 465 cursu
709 411 763 466 levi

141 491 241 545 ‘Canes
254 491 342 546 elusit.
382 493 458 546 Silva
470 503 530 546 tum
543 495 651 563 excepit
663 494 752 548 ferum
766 513 771 548 :

150 575 183 626 ln
195 581 251 644 quir
263 576 377 630 retentis
390 577 541 646 impeditus
555 577 693 644 cornibus,

151 657 278 711 Lacerari
292 659 377 728 coepit
389 659 528 713 morsibus
541 659 623 712 saevis
637 676 746 713 canum.

148 742 229 793 Tunc
242 741 363 795 moriens
375 759 474 796 vocem
486 743 560 795 hanc
574 741 695 796 edidisse
708 742 809 796 dicitur
824 762 829 796 :

149 823 202 877 “0
216 839 261 876 me
275 824 431 878 infelicem!
452 825 498 893 qui
513 841 587 878 nunc
601 824 714 878 demum
728 825 859 894 intelligo,

150 906 239 962 Utilia
252 907 320 960 mihi
333 908 419 976 quim
431 907 542 975 fuerint,
556 925 619 978 quae
632 909 822 978 despexeram,

151 991 198 1058 Et,
210 1005 273 1059 quae
286 989 439 1058 laudaram,
453 1000 589 1060 quantum
601 992 693 1046 luctus
705 993 876 1048 habuerint.''
920 1005 948 1062 15

418 1137 576 1193 FABULA
603 1139 687 1192 Xlll.

390 1244 507 1288 vuurss
527 1246 565 1287 ur
584 1245 712 1288 corvus

188 1325 242 1394 Qui
256 1343 285 1380 se
298 1327 405 1381 laudari
417 1328 541 1398 gaudent
553 1329 645 1382 verbis
659 1327 792 1396 subdoliS,

153 1409 222 1462 Serri
234 1409 303 1465 dant
315 1427 415 1480 poenas
428 1420 523 1482 turpes
536 1411 708 1482 poenitentis.

189 1493 282 1561 Quum
295 1495 330 1548 de
343 1495 464 1550 fenestra
477 1489 576 1550 corvus
590 1506 700 1564 raptum
713 1510 826 1549 caseum

155 1576 290 1631 Comesse
302 1579 393 1646 vellet,
407 1580 483 1632 celso
495 1578 620 1632 residens
633 1577 740 1644 arbore,

155 1660 240 1713 Hunc
253 1659 323 1713 vidit
334 1661 432 1730 vulpes
445 1682 452 1726 ;
472 1661 574 1714 deinde
587 1661 627 1714 sic
640 1660 727 1729 eoepit
739 1661 815 1730 loqui
829 1679 834 1715 :
938 1673 951 1729 5

154 1743 206 1794 “O
220 1743 267 1810 qui
280 1752 398 1808 tuarum,
412 1760 501 1810 corve,
515 1759 670 1812 pennarum
683 1751 725 1796 est
738 1743 810 1797 nitor
824 1747 830 1798 ἔ

155 1825 298 1893 Quantum
312 1825 419 1879 decoris
433 1843 547 1895 corpore
560 1836 588 1879 et
601 1826 677 1878 vultu
689 1825 762 1894 geris
777 1829 783 1880 i

155 1907 184 1962 Si
197 1925 296 1962 vocem
308 1908 435 1976 haberes,
448 1908 524 1961 nulla
537 1909 611 1978 prior
623 1909 681 1962 ales
694 1909 787 1963 soret.’'

154 1991 192 2045 At
205 1991 250 2045 ille
263 1993 372 2059 stultus,
385 1991 453 2045 dum
464 1992 523 2045 vult
535 2008 634 2045 vocem
647 1993 804 2060 ostendere,

153 2075 257 2128 Amisit
270 2093 317 2129 ore
330 2093 452 2142 caseum,
465 2093 555 2145 quem
562 2076 687 2130 celeriter
924 2091 956 2129 10

156 2157 263 2211 Dolosa
275 2160 372 2229 vulpes
385 2158 475 2213 avidis
488 2159 579 2228 rapuit
592 2160 731 2215 dentibus.

154 2242 229 2294 Tum
241 2242 355 2296 demum
367 2242 503 2312 ingemuit
516 2243 590 2297 corvi
604 2244 738 2312 deceptus
751 2251 852 2310 stupor.

192 2325 256 2378 Hac
268 2343 298 2380 re
311 2327 452 2396 probatur,
465 2326 606 2394 ingenium
619 2324 756 2395 quantum
768 2325 850 2391 valet,

155 2407 264 2463 Virtute
277 2419 304 2464 et
317 2426 427 2479 semper
439 2410 571 2479 praevalet
585 2409 730 2480 sapientia.
925 2421 957 2474 14

424 2554 583 2609 FABULA
611 2555 689 2608 XIV.

397 2659 488 2702 norro
508 2661 547 2702 Er
565 2659 715 2702 Ausones.

194 2745 320 2811 Pereunt,
334 2743 466 2797 auxilium
478 2745 525 2813 qui
540 2744 596 2798 suis
611 2743 679 2796 dant
691 2740 826 2796 hostibus.

157 2829 246 2884 Facti
258 2827 357 2896 securi,
370 2826 486 2898 quidam
499 2828 536 2882 ab
549 2825 694 2880 arboribus
707 2823 785 2892 petit,
