<?xml version="1.0" encoding="UTF-8"?>
<!DOCTYPE html PUBLIC "-//W3C//DTD XHTML 1.0 Transitional//EN"
    "http://www.w3.org/TR/xhtml1/DTD/xhtml1-transitional.dtd">
<html xmlns="http://www.w3.org/1999/xhtml" xml:lang="en" lang="en">
 <head>
  <title>
</title>
<meta http-equiv="Content-Type" content="text/html;charset=utf-8" />
  <meta name='ocr-system' content='tesseract 3.04.00' />
  <meta name='ocr-capabilities' content='ocr_page ocr_carea ocr_par ocr_line ocrx_word'/>
</head>
<body>
  <div class='ocr_page' id='page_1' title='image "./fablesphaedrusb01whitgoog_0028.png"; bbox 0 0 2168 3270; ppageno 0'>
   <div class='ocr_carea' id='block_1_1' title="bbox 132 204 761 276">
    <p class='ocr_par' dir='ltr' id='par_1_1' title="bbox 132 204 761 276">
     <span class='ocr_line' id='line_1_1' title="bbox 132 204 761 276; baseline -0.006 -14"><span class='ocrx_word' id='word_1_1' title='bbox 132 224 163 276; x_wconf 84' lang='lat'>14</span> <span class='ocrx_word' id='word_1_2' title='bbox 296 206 475 260; x_wconf 85' lang='lat' dir='ltr'><em>PHAEDRI</em></span> <span class='ocrx_word' id='word_1_3' title='bbox 495 204 761 260; x_wconf 80' lang='lat' dir='ltr'><em>FABULARUM</em></span> 
     </span>
    </p>
   </div>
   <div class='ocr_carea' id='block_1_2' title="bbox 330 389 706 540">
    <p class='ocr_par' dir='ltr' id='par_1_2' title="bbox 330 389 706 540">
     <span class='ocr_line' id='line_1_2' title="bbox 330 389 671 443; baseline -0.003 -1"><span class='ocrx_word' id='word_1_4' title='bbox 330 435 336 442; x_wconf 93' lang='lat'>.</span> <span class='ocrx_word' id='word_1_5' title='bbox 387 390 547 443; x_wconf 84' lang='lat' dir='ltr'><strong>FABULA</strong></span> <span class='ocrx_word' id='word_1_6' title='bbox 565 389 671 442; x_wconf 88' lang='lat' dir='ltr'>XXVI.</span> 
     </span>
     <span class='ocr_line' id='line_1_3' title="bbox 356 495 706 540; baseline 0.003 -2"><span class='ocrx_word' id='word_1_7' title='bbox 356 497 444 538; x_wconf 80' lang='lat' dir='ltr'>nnnn</span> <span class='ocrx_word' id='word_1_8' title='bbox 463 498 567 539; x_wconf 78' lang='lat' dir='ltr'>nuprn</span> <span class='ocrx_word' id='word_1_9' title='bbox 587 498 625 538; x_wconf 84' lang='lat' dir='ltr'>ET</span> <span class='ocrx_word' id='word_1_10' title='bbox 645 495 706 540; x_wconf 80' lang='lat' dir='ltr'>nos</span> 
     </span>
    </p>
   </div>
   <div class='ocr_carea' id='block_1_3' title="bbox 130 583 930 1068">
    <p class='ocr_par' dir='ltr' id='par_1_3' title="bbox 132 583 751 652">
     <span class='ocr_line' id='line_1_4' title="bbox 132 583 751 652; baseline 0 -16"><span class='ocrx_word' id='word_1_11' title='bbox 132 584 227 651; x_wconf 87' lang='lat' dir='ltr'><strong>Inops,</strong></span> <span class='ocrx_word' id='word_1_12' title='bbox 240 592 384 651; x_wconf 84' lang='lat' dir='ltr'>potentem</span> <span class='ocrx_word' id='word_1_13' title='bbox 398 583 465 637; x_wconf 91' lang='lat' dir='ltr'>dum</span> <span class='ocrx_word' id='word_1_14' title='bbox 478 586 536 636; x_wconf 89' lang='lat' dir='ltr'>vult</span> <span class='ocrx_word' id='word_1_15' title='bbox 550 584 660 652; x_wconf 84' lang='lat' dir='ltr'>imitari,</span> <span class='ocrx_word' id='word_1_16' title='bbox 674 585 751 652; x_wconf 86' lang='lat' dir='ltr'>perit.</span> 
     </span>
    </p>

    <p class='ocr_par' dir='ltr' id='par_1_4' title="bbox 130 667 930 1068">
     <span class='ocr_line' id='line_1_5' title="bbox 168 667 812 737; baseline 0.003 -19"><span class='ocrx_word' id='word_1_17' title='bbox 168 667 201 719; x_wconf 91' lang='lat' dir='ltr'>ln</span> <span class='ocrx_word' id='word_1_18' title='bbox 214 676 294 735; x_wconf 90' lang='lat' dir='ltr'>prato</span> <span class='ocrx_word' id='word_1_19' title='bbox 307 667 450 737; x_wconf 87' lang='lat' dir='ltr'>quondam</span> <span class='ocrx_word' id='word_1_20' title='bbox 463 685 532 720; x_wconf 87' lang='lat' dir='ltr'>rana</span> <span class='ocrx_word' id='word_1_21' title='bbox 545 668 689 736; x_wconf 85' lang='lat' dir='ltr'>conspexit</span> <span class='ocrx_word' id='word_1_22' title='bbox 702 669 812 736; x_wconf 84' lang='lat' dir='ltr'>bovem,</span> 
     </span>
     <span class='ocr_line' id='line_1_6' title="bbox 130 750 701 819; baseline -0.002 -16"><span class='ocrx_word' id='word_1_23' title='bbox 130 751 175 818; x_wconf 88' lang='lat' dir='ltr'>Et,</span> <span class='ocrx_word' id='word_1_24' title='bbox 187 759 263 804; x_wconf 85' lang='lat' dir='ltr'>tacta</span> <span class='ocrx_word' id='word_1_25' title='bbox 276 750 381 804; x_wconf 75' lang='lat' dir='ltr'>invidia</span> <span class='ocrx_word' id='word_1_26' title='bbox 394 760 480 804; x_wconf 85' lang='lat' dir='ltr'>tantae</span> <span class='ocrx_word' id='word_1_27' title='bbox 493 750 701 819; x_wconf 85' lang='lat' dir='ltr'>magnitudinis,</span> 
     </span>
     <span class='ocr_line' id='line_1_7' title="bbox 132 834 781 904; baseline -0.002 -17"><span class='ocrx_word' id='word_1_28' title='bbox 132 836 276 902; x_wconf 85' lang='lat' dir='ltr'>Rugosam</span> <span class='ocrx_word' id='word_1_29' title='bbox 290 834 396 888; x_wconf 85' lang='lat' dir='ltr'>inflavit</span> <span class='ocrx_word' id='word_1_30' title='bbox 408 835 510 904; x_wconf 89' lang='lat' dir='ltr'>pellem</span> <span class='ocrx_word' id='word_1_31' title='bbox 524 853 529 887; x_wconf 91' lang='lat'>:</span> <span class='ocrx_word' id='word_1_32' title='bbox 548 844 607 888; x_wconf 90' lang='lat' dir='ltr'>tum</span> <span class='ocrx_word' id='word_1_33' title='bbox 621 843 701 888; x_wconf 90' lang='lat' dir='ltr'>natos</span> <span class='ocrx_word' id='word_1_34' title='bbox 716 851 781 888; x_wconf 86' lang='lat' dir='ltr'>suos</span> 
     </span>
     <span class='ocr_line' id='line_1_8' title="bbox 132 916 930 988; baseline -0.001 -19"><span class='ocrx_word' id='word_1_35' title='bbox 132 917 325 984; x_wconf 83' lang='lat' dir='ltr'>Interrogavit,</span> <span class='ocrx_word' id='word_1_36' title='bbox 340 934 376 970; x_wconf 85' lang='lat' dir='ltr'>an</span> <span class='ocrx_word' id='word_1_37' title='bbox 388 917 460 970; x_wconf 86' lang='lat' dir='ltr'>bove</span> <span class='ocrx_word' id='word_1_38' title='bbox 473 926 546 970; x_wconf 91' lang='lat' dir='ltr'>esset</span> <span class='ocrx_word' id='word_1_39' title='bbox 558 916 646 970; x_wconf 88' lang='lat' dir='ltr'>latior.</span> <span class='ocrx_word' id='word_1_40' title='bbox 916 931 930 988; x_wconf 80' lang='grc' dir='ltr'><em>ς</em></span> 
     </span>
     <span class='ocr_line' id='line_1_9' title="bbox 133 999 720 1068; baseline 0.003 -16"><span class='ocrx_word' id='word_1_41' title='bbox 133 1001 177 1053; x_wconf 91' lang='lat' dir='ltr'>Illi</span> <span class='ocrx_word' id='word_1_42' title='bbox 191 1001 335 1068; x_wconf 70' lang='lat' dir='ltr'>negarunt.</span> <span class='ocrx_word' id='word_1_43' title='bbox 375 1002 482 1053; x_wconf 87' lang='lat' dir='ltr'>Rursus</span> <span class='ocrx_word' id='word_1_44' title='bbox 496 999 614 1054; x_wconf 88' lang='lat' dir='ltr'>intendit</span> <span class='ocrx_word' id='word_1_45' title='bbox 628 1009 720 1054; x_wconf 89' lang='lat' dir='ltr'>cutem</span> 
     </span>
    </p>
   </div>
   <div class='ocr_carea' id='block_1_4' title="bbox 61 1082 746 1401">
    <p class='ocr_par' dir='ltr' id='par_1_5' title="bbox 132 1082 712 1151">
     <span class='ocr_line' id='line_1_10' title="bbox 132 1082 712 1151; baseline 0.002 -16"><span class='ocrx_word' id='word_1_46' title='bbox 132 1084 242 1151; x_wconf 86' lang='lat' dir='ltr'>Majore</span> <span class='ocrx_word' id='word_1_47' title='bbox 254 1083 325 1151; x_wconf 87' lang='lat' dir='ltr'>nisu,</span> <span class='ocrx_word' id='word_1_48' title='bbox 340 1091 366 1135; x_wconf 85' lang='lat' dir='ltr'>et</span> <span class='ocrx_word' id='word_1_49' title='bbox 380 1083 463 1135; x_wconf 90' lang='lat' dir='ltr'>simili</span> <span class='ocrx_word' id='word_1_50' title='bbox 478 1082 606 1151; x_wconf 87' lang='lat' dir='ltr'>quaesivit</span> <span class='ocrx_word' id='word_1_51' title='bbox 618 1083 712 1150; x_wconf 89' lang='lat' dir='ltr'>modo,</span> 
     </span>
    </p>

    <p class='ocr_par' dir='ltr' id='par_1_6' title="bbox 61 1165 746 1316">
     <span class='ocr_line' id='line_1_11' title="bbox 133 1165 745 1234; baseline 0.003 -16"><span class='ocrx_word' id='word_1_52' title='bbox 133 1166 202 1234; x_wconf 82' lang='lat' dir='ltr'>Quis</span> <span class='ocrx_word' id='word_1_53' title='bbox 216 1166 305 1234; x_wconf 89' lang='lat' dir='ltr'>major</span> <span class='ocrx_word' id='word_1_54' title='bbox 318 1173 401 1219; x_wconf 86' lang='lat' dir='ltr'>esset.</span> <span class='ocrx_word' id='word_1_55' title='bbox 440 1165 483 1217; x_wconf 94' lang='lat' dir='ltr'>Illi</span> <span class='ocrx_word' id='word_1_56' title='bbox 497 1165 624 1218; x_wconf 90' lang='lat' dir='ltr'>dixerunt</span> <span class='ocrx_word' id='word_1_57' title='bbox 636 1165 745 1220; x_wconf 90' lang='lat' dir='ltr'>bovem.</span> 
     </span>
     <span class='ocr_line' id='line_1_12' title="bbox 61 1239 746 1316; baseline 0 -14"><span class='ocrx_word' id='word_1_58' title='bbox 61 1239 62 1242; x_wconf 27' lang='lat'>¹</span> <span class='ocrx_word' id='word_1_59' title='bbox 133 1247 295 1302; x_wconf 67' lang='lat' dir='ltr'>Novissime</span> <span class='ocrx_word' id='word_1_60' title='bbox 309 1248 461 1316; x_wconf 72' lang='lat' dir='ltr'>indignata,</span> <span class='ocrx_word' id='word_1_61' title='bbox 475 1247 543 1300; x_wconf 90' lang='lat' dir='ltr'>dum</span> <span class='ocrx_word' id='word_1_62' title='bbox 555 1250 614 1302; x_wconf 88' lang='lat' dir='ltr'>vult</span> <span class='ocrx_word' id='word_1_63' title='bbox 626 1249 746 1304; x_wconf 79' lang='lat' dir='ltr'>validius</span> 
     </span>
    </p>

    <p class='ocr_par' dir='ltr' id='par_1_7' title="bbox 135 1329 648 1401">
     <span class='ocr_line' id='line_1_13' title="bbox 135 1329 648 1401; baseline 0 -15"><span class='ocrx_word' id='word_1_64' title='bbox 135 1331 236 1386; x_wconf 88' lang='lat' dir='ltr'>Inflare</span> <span class='ocrx_word' id='word_1_65' title='bbox 249 1348 320 1400; x_wconf 88' lang='lat' dir='ltr'>sese,</span> <span class='ocrx_word' id='word_1_66' title='bbox 333 1341 415 1401; x_wconf 92' lang='lat' dir='ltr'>rupto</span> <span class='ocrx_word' id='word_1_67' title='bbox 425 1329 512 1400; x_wconf 83' lang='lat' dir='ltr'>jacuit</span> <span class='ocrx_word' id='word_1_68' title='bbox 526 1348 648 1401; x_wconf 89' lang='lat' dir='ltr'>corpore.</span> 
     </span>
    </p>
   </div>
   <div class='ocr_carea' id='block_1_5' title="bbox 351 1445 722 1629">
    <p class='ocr_par' dir='ltr' id='par_1_8' title="bbox 351 1445 722 1629">
     <span class='ocr_line' id='line_1_14' title="bbox 384 1445 685 1533; baseline 0 -1"><span class='ocrx_word' id='word_1_69' title='bbox 384 1479 544 1533; x_wconf 72' lang='lat' dir='ltr'>sunum</span> <span class='ocrx_word' id='word_1_70' title='bbox 562 1445 685 1532; x_wconf 73' lang='lat' dir='ltr'>xirvn.</span> 
     </span>
     <span class='ocr_line' id='line_1_15' title="bbox 351 1586 722 1629; baseline 0.003 -1"><span class='ocrx_word' id='word_1_71' title='bbox 351 1587 443 1628; x_wconf 87' lang='lat' dir='ltr'>CANIS</span> <span class='ocrx_word' id='word_1_72' title='bbox 463 1587 502 1628; x_wconf 89' lang='lat' dir='ltr'>ET</span> <span class='ocrx_word' id='word_1_73' title='bbox 520 1586 722 1629; x_wconf 85' lang='lat' dir='ltr'><strong>CORCODILUS.</strong></span> 
     </span>
    </p>
   </div>
   <div class='ocr_carea' id='block_1_6' title="bbox 135 1679 936 2414">
    <p class='ocr_par' dir='ltr' id='par_1_9' title="bbox 135 1679 936 2414">
     <span class='ocr_line' id='line_1_16' title="bbox 172 1679 819 1749; baseline 0 -16"><span class='ocrx_word' id='word_1_74' title='bbox 172 1680 296 1734; x_wconf 85' lang='lat' dir='ltr'>Consilia</span> <span class='ocrx_word' id='word_1_75' title='bbox 308 1680 355 1749; x_wconf 91' lang='lat' dir='ltr'>qui</span> <span class='ocrx_word' id='word_1_76' title='bbox 369 1679 437 1732; x_wconf 88' lang='lat' dir='ltr'>dant</span> <span class='ocrx_word' id='word_1_77' title='bbox 450 1696 536 1748; x_wconf 88' lang='lat' dir='ltr'>prava</span> <span class='ocrx_word' id='word_1_78' title='bbox 548 1679 637 1732; x_wconf 86' lang='lat' dir='ltr'>cautis</span> <span class='ocrx_word' id='word_1_79' title='bbox 650 1679 819 1746; x_wconf 90' lang='lat' dir='ltr'>hominibus,</span> 
     </span>
     <span class='ocr_line' id='line_1_17' title="bbox 136 1760 790 1831; baseline -0.002 -13"><span class='ocrx_word' id='word_1_80' title='bbox 136 1765 174 1818; x_wconf 87' lang='lat' dir='ltr'>Et</span> <span class='ocrx_word' id='word_1_81' title='bbox 186 1762 305 1831; x_wconf 91' lang='lat' dir='ltr'>perdunt</span> <span class='ocrx_word' id='word_1_82' title='bbox 319 1777 441 1830; x_wconf 83' lang='lat' dir='ltr'>operam,</span> <span class='ocrx_word' id='word_1_83' title='bbox 455 1771 481 1814; x_wconf 93' lang='lat' dir='ltr'>et</span> <span class='ocrx_word' id='word_1_84' title='bbox 494 1760 655 1815; x_wconf 87' lang='lat' dir='ltr'>deridentur</span> <span class='ocrx_word' id='word_1_85' title='bbox 668 1763 790 1831; x_wconf 85' lang='lat' dir='ltr'>turpiter.</span> 
     </span>
     <span class='ocr_line' id='line_1_18' title="bbox 172 1843 785 1914; baseline 0.002 -16"><span class='ocrx_word' id='word_1_86' title='bbox 172 1847 263 1898; x_wconf 85' lang='lat' dir='ltr'>Canes</span> <span class='ocrx_word' id='word_1_87' title='bbox 277 1853 418 1898; x_wconf 88' lang='lat' dir='ltr'>currentes</span> <span class='ocrx_word' id='word_1_88' title='bbox 432 1844 526 1896; x_wconf 88' lang='lat' dir='ltr'>bibere</span> <span class='ocrx_word' id='word_1_89' title='bbox 540 1843 569 1895; x_wconf 90' lang='lat' dir='ltr'>in</span> <span class='ocrx_word' id='word_1_90' title='bbox 583 1845 649 1897; x_wconf 90' lang='lat' dir='ltr'>Nilo</span> <span class='ocrx_word' id='word_1_91' title='bbox 663 1845 785 1914; x_wconf 88' lang='lat' dir='ltr'>flumine,</span> 
     </span>
     <span class='ocr_line' id='line_1_19' title="bbox 135 1926 758 2000; baseline 0 -18"><span class='ocrx_word' id='word_1_92' title='bbox 135 1930 162 1981; x_wconf 89' lang='lat' dir='ltr'><strong>A</strong></span> <span class='ocrx_word' id='word_1_93' title='bbox 175 1927 369 2000; x_wconf 85' lang='lat' dir='ltr'>corcodilisne</span> <span class='ocrx_word' id='word_1_94' title='bbox 382 1926 532 1995; x_wconf 82' lang='lat' dir='ltr'>rapiantur,</span> <span class='ocrx_word' id='word_1_95' title='bbox 545 1926 679 1980; x_wconf 86' lang='lat' dir='ltr'>traditum</span> <span class='ocrx_word' id='word_1_96' title='bbox 692 1939 742 1982; x_wconf 90' lang='lat' dir='ltr'>est.</span> <span class='ocrx_word' id='word_1_97' title='bbox 756 1986 758 1990; x_wconf 67' lang='grc'>,</span> 
     </span>
     <span class='ocr_line' id='line_1_20' title="bbox 138 2009 933 2081; baseline 0 -17"><span class='ocrx_word' id='word_1_98' title='bbox 138 2011 225 2078; x_wconf 86' lang='lat' dir='ltr'>Igitur</span> <span class='ocrx_word' id='word_1_99' title='bbox 237 2026 323 2080; x_wconf 89' lang='lat' dir='ltr'>quum</span> <span class='ocrx_word' id='word_1_100' title='bbox 336 2027 449 2063; x_wconf 90' lang='lat' dir='ltr'>currens</span> <span class='ocrx_word' id='word_1_101' title='bbox 462 2009 557 2063; x_wconf 88' lang='lat' dir='ltr'>bibere</span> <span class='ocrx_word' id='word_1_102' title='bbox 570 2010 702 2079; x_wconf 89' lang='lat' dir='ltr'>coepisset</span> <span class='ocrx_word' id='word_1_103' title='bbox 716 2012 801 2080; x_wconf 86' lang='lat' dir='ltr'>canis,</span> <span class='ocrx_word' id='word_1_104' title='bbox 920 2026 933 2081; x_wconf 84' lang='lat'>5</span> 
     </span>
     <span class='ocr_line' id='line_1_21' title="bbox 137 2092 759 2161; baseline 0.002 -15"><span class='ocrx_word' id='word_1_105' title='bbox 137 2095 184 2148; x_wconf 90' lang='lat' dir='ltr'>Sic</span> <span class='ocrx_word' id='word_1_106' title='bbox 197 2093 361 2161; x_wconf 79' lang='lat' dir='ltr'>corcodiluS,</span> <span class='ocrx_word' id='word_1_107' title='bbox 376 2095 391 2123; x_wconf 88' lang='lat'><strong>“</strong></span> <span class='ocrx_word' id='word_1_108' title='bbox 403 2092 565 2161; x_wconf 84' lang='lat' dir='ltr'>Quamlibet</span> <span class='ocrx_word' id='word_1_109' title='bbox 577 2094 670 2147; x_wconf 88' lang='lat' dir='ltr'>lambe</span> <span class='ocrx_word' id='word_1_110' title='bbox 683 2095 740 2147; x_wconf 96' lang='lat' dir='ltr'>otio</span> <span class='ocrx_word' id='word_1_111' title='bbox 752 2115 759 2160; x_wconf 93' lang='lat'>;</span> 
     </span>
     <span class='ocr_line' id='line_1_22' title="bbox 136 2176 681 2246; baseline -0.002 -16"><span class='ocrx_word' id='word_1_112' title='bbox 136 2179 255 2246; x_wconf 87' lang='lat' dir='ltr'>Accede,</span> <span class='ocrx_word' id='word_1_113' title='bbox 268 2186 335 2246; x_wconf 90' lang='lat' dir='ltr'>pota</span> <span class='ocrx_word' id='word_1_114' title='bbox 348 2176 454 2245; x_wconf 72' lang='lat' dir='ltr'>leniter,</span> <span class='ocrx_word' id='word_1_115' title='bbox 468 2186 494 2230; x_wconf 90' lang='lat' dir='ltr'>et</span> <span class='ocrx_word' id='word_1_116' title='bbox 508 2177 564 2229; x_wconf 91' lang='lat' dir='ltr'>noli</span> <span class='ocrx_word' id='word_1_117' title='bbox 578 2176 681 2245; x_wconf 83' lang='lat' dir='ltr'>dolos,&#39;’</span> 
     </span>
     <span class='ocr_line' id='line_1_23' title="bbox 138 2259 884 2330; baseline 0.004 -17"><span class='ocrx_word' id='word_1_118' title='bbox 138 2261 239 2330; x_wconf 87' lang='lat' dir='ltr'>lnquit,</span> <span class='ocrx_word' id='word_1_119' title='bbox 252 2264 269 2291; x_wconf 86' lang='lat'><strong>“</strong></span> <span class='ocrx_word' id='word_1_120' title='bbox 278 2260 389 2314; x_wconf 86' lang='lat' dir='ltr'>vereri.&#39;&#39;</span> <span class='ocrx_word' id='word_1_121' title='bbox 425 2261 462 2314; x_wconf 81' lang='lat' dir='ltr'>At</span> <span class='ocrx_word' id='word_1_122' title='bbox 475 2259 529 2327; x_wconf 90' lang='lat' dir='ltr'>ille,</span> <span class='ocrx_word' id='word_1_123' title='bbox 544 2261 706 2314; x_wconf 86' lang='lat' dir='ltr'>“Facerem</span> <span class='ocrx_word' id='word_1_124' title='bbox 719 2260 884 2330; x_wconf 65' lang='lat' dir='ltr'>mehercule,</span> 
     </span>
     <span class='ocr_line' id='line_1_24' title="bbox 138 2343 936 2414; baseline 0.004 -18"><span class='ocrx_word' id='word_1_125' title='bbox 138 2344 201 2397; x_wconf 92' lang='lat' dir='ltr'>Nisi</span> <span class='ocrx_word' id='word_1_126' title='bbox 215 2361 275 2398; x_wconf 90' lang='lat' dir='ltr'>esse</span> <span class='ocrx_word' id='word_1_127' title='bbox 288 2345 387 2399; x_wconf 85' lang='lat' dir='ltr'>scirem</span> <span class='ocrx_word' id='word_1_128' title='bbox 401 2343 493 2397; x_wconf 91' lang='lat' dir='ltr'>carnis</span> <span class='ocrx_word' id='word_1_129' title='bbox 506 2353 533 2398; x_wconf 88' lang='lat' dir='ltr'>tc</span> <span class='ocrx_word' id='word_1_130' title='bbox 546 2344 678 2412; x_wconf 93' lang='lat' dir='ltr'>cupidum</span> <span class='ocrx_word' id='word_1_131' title='bbox 691 2347 785 2399; x_wconf 49' lang='lat' dir='ltr'>mene?</span> <span class='ocrx_word' id='word_1_132' title='bbox 919 2361 936 2414; x_wconf 88' lang='lat'>9</span> 
     </span>
    </p>
   </div>
   <div class='ocr_carea' id='block_1_7' title="bbox 372 2465 702 2652">
    <p class='ocr_par' dir='ltr' id='par_1_10' title="bbox 372 2465 702 2652">
     <span class='ocr_line' id='line_1_25' title="bbox 377 2465 695 2556; baseline 0 -1"><span class='ocrx_word' id='word_1_133' title='bbox 377 2502 537 2556; x_wconf 78' lang='lat' dir='ltr'>nnssurn</span> <span class='ocrx_word' id='word_1_134' title='bbox 556 2465 695 2555; x_wconf 83' lang='lat' dir='ltr'>xxviii.</span> 
     </span>
     <span class='ocr_line' id='line_1_26' title="bbox 372 2608 702 2652; baseline 0.003 -3"><span class='ocrx_word' id='word_1_135' title='bbox 372 2609 489 2650; x_wconf 88' lang='lat' dir='ltr'>VULPES</span> <span class='ocrx_word' id='word_1_136' title='bbox 509 2608 548 2648; x_wconf 89' lang='lat' dir='ltr'>ET</span> <span class='ocrx_word' id='word_1_137' title='bbox 567 2608 702 2652; x_wconf 88' lang='lat' dir='ltr'>CICONIA.</span> 
     </span>
    </p>
   </div>
   <div class='ocr_carea' id='block_1_8' title="bbox 137 2704 761 2855">
    <p class='ocr_par' dir='ltr' id='par_1_11' title="bbox 137 2704 761 2855">
     <span class='ocr_line' id='line_1_27' title="bbox 174 2704 761 2774; baseline 0 -16"><span class='ocrx_word' id='word_1_138' title='bbox 174 2704 251 2758; x_wconf 87' lang='lat' dir='ltr'>Nulli</span> <span class='ocrx_word' id='word_1_139' title='bbox 263 2705 421 2758; x_wconf 88' lang='lat' dir='ltr'>nocendum</span> <span class='ocrx_word' id='word_1_140' title='bbox 435 2725 442 2769; x_wconf 89' lang='lat'>;</span> <span class='ocrx_word' id='word_1_141' title='bbox 462 2705 485 2757; x_wconf 93' lang='lat' dir='ltr'>si</span> <span class='ocrx_word' id='word_1_142' title='bbox 499 2706 561 2774; x_wconf 92' lang='lat' dir='ltr'>quis</span> <span class='ocrx_word' id='word_1_143' title='bbox 573 2705 639 2760; x_wconf 86' lang='lat' dir='ltr'>verb</span> <span class='ocrx_word' id='word_1_144' title='bbox 652 2705 761 2772; x_wconf 85' lang='lat' dir='ltr'>laeserit,</span> 
     </span>
     <span class='ocr_line' id='line_1_28' title="bbox 137 2786 753 2855; baseline 0 -12"><span class='ocrx_word' id='word_1_145' title='bbox 137 2787 316 2843; x_wconf 89' lang='lat' dir='ltr'>Multandum</span> <span class='ocrx_word' id='word_1_146' title='bbox 329 2786 411 2839; x_wconf 91' lang='lat' dir='ltr'>simili</span> <span class='ocrx_word' id='word_1_147' title='bbox 424 2787 484 2855; x_wconf 86' lang='lat' dir='ltr'>jure</span> <span class='ocrx_word' id='word_1_148' title='bbox 498 2788 600 2842; x_wconf 85' lang='lat' dir='ltr'>labella</span> <span class='ocrx_word' id='word_1_149' title='bbox 612 2788 753 2843; x_wconf 87' lang='lat' dir='ltr'>admonet.</span> 
     </span>
    </p>
   </div>
   <div class='ocr_carea' id='block_1_9' title="bbox 0 0 1094 3270">
    <p class='ocr_par' dir='ltr' id='par_1_12' title="bbox 0 0 1094 3270">
     <span class='ocr_line' id='line_1_29' title="bbox 0 0 1094 3270; baseline 0 0"><span class='ocrx_word' id='word_1_150' title='bbox 0 0 1094 3270; x_wconf 95' lang='lat' dir='ltr'> </span> 
     </span>
    </p>
   </div>
  </div>
 </body>
</html>
