2168 3270
459 229 585 283 LIBER
608 229 632 282 J.
916 239 948 296 13

148 373 186 430 At
198 373 243 428 ille
256 371 408 442 exspirans,
422 372 548 424 “Fortes
561 369 674 438 indigne
687 369 736 423 tuli
917 385 949 421 ro

149 456 221 509 Mihi
235 454 383 510 insultare:
402 463 437 522 te,
451 463 557 507 naturae
570 452 700 520 dedecus,
785 481 790 489 ·

150 538 234 608 Qubd
246 538 316 594 ferre
329 554 421 606 cogor,
435 537 509 590 certe
522 537 565 590 bis
578 535 674 605 videor
687 536 781 589 mori.'’
917 549 947 588 12

406 709 564 763 FABULA
589 709 694 761 XXIV.

315 829 320 848 ·
387 827 532 870 musanen
551 827 590 868 nr
609 827 708 868 nono.

182 926 305 980 Mustela
315 926 351 980 ab
361 925 474 979 homine
484 941 594 993 prensa,
600 940 685 993 quum
694 923 844 978 instantem
855 939 951 976 necem

152 1009 283 1078 Effugere
296 1010 387 1077 vellet,
400 1011 416 1038 “
428 1009 555 1077 Quaeso,”
568 1008 665 1076 inquit,
678 1010 695 1036 “
705 1023 803 1075 parcas
816 1007 892 1073 mihi,

154 1093 225 1162 Quae
238 1093 288 1147 tibi
300 1093 425 1148 molestis
438 1079 563 1145 muribus
574 1107 661 1160 purgo
674 1090 812 1144 domum.'’

154 1176 310 1245 Respondit
324 1177 377 1244 ille,
391 1177 539 1230 “Faceres
553 1175 575 1228 si
590 1180 675 1227 causa
687 1180 759 1241 mea,

155 1260 274 1312 Gratum
287 1269 368 1326 esset,
381 1267 408 1313 et
422 1258 564 1312 dedissem
577 1257 689 1310 veniam
703 1256 827 1325 supplici.
937 1267 951 1323 5

155 1343 240 1396 Nunc
253 1342 319 1410 quia
331 1341 449 1408 laboras,
464 1351 491 1394 et
503 1341 603 1393 fruaris
615 1340 745 1408 reliquiis,

156 1425 234 1493 Quas
248 1434 312 1477 sunt
324 1425 420 1490 rosuri,
435 1423 558 1476 simulet
572 1423 647 1491 ipsos
661 1423 784 1487 devores,

156 1506 223 1561 Noli
237 1507 375 1576 imputare
386 1523 490 1560 vanum
503 1505 670 1559 beneficium
682 1505 775 1557 mihi.''

155 1593 249 1663 Atque
261 1591 301 1646 ita
312 1591 450 1661 loquutus,
464 1589 622 1659 improbam
634 1590 689 1641 leto
702 1586 786 1640 dedit.

194 1677 258 1730 Hoc
271 1675 300 1729 in
313 1690 343 1728 se
355 1673 462 1728 dictum
475 1673 577 1727 debent
591 1671 629 1726 illi
643 1686 800 1740 agnoscere,
925 1687 956 1724 10

158 1760 282 1828 Quorum
295 1759 403 1828 privata
416 1757 499 1811 servit
513 1757 616 1811 utilitas
630 1756 691 1824 sibi,

158 1844 196 1897 Et
208 1843 337 1896 meritum
351 1841 434 1894 inane
445 1841 553 1911 jactant
567 1839 795 1910 imprudentibus.
925 1853 954 1890 12

418 2012 576 2066 FABULA
604 2012 693 2065 XXV.

437 2130 529 2172 cums
549 2131 677 2172 ironiis.

195 2229 322 2297 Repente
334 2226 454 2281 liberalis
468 2227 559 2281 stultis
572 2237 666 2296 gratus
680 2238 722 2282 est

158 2311 265 2366 Verum
277 2311 372 2379 peritis
386 2310 475 2362 irritos
489 2311 578 2364 tendit
590 2310 678 2365 dolos,

196 2397 357 2448 Nocturnus
370 2409 456 2462 quum
468 2393 512 2446 fur
523 2411 624 2462 panem
638 2393 759 2448 misisset
773 2394 843 2464 cani,

161 2476 280 2548 Objecto
293 2486 404 2530 tentans
417 2483 453 2528 ab
467 2477 529 2530 cibo
542 2487 636 2546 posset
650 2479 728 2546 capi:

160 2565 177 2592 “
188 2561 292 2628 Heus,''
305 2559 400 2628 inquit,
415 2559 563 2626 “linguam
576 2559 618 2613 vis
631 2576 724 2614 meam
737 2562 914 2630 praecludere,
942 2574 955 2630 5

162 2645 207 2698 Nc
220 2644 318 2697 latrem
331 2659 381 2712 pro
394 2659 423 2695 re
436 2642 562 2694 domini?
599 2643 719 2696 Multum
732 2645 841 2698 falleris.

161 2728 293 2796 Namque
306 2727 360 2780 ista
373 2725 466 2778 subita
478 2740 523 2777 me
532 2725 611 2793 jubet
623 2726 780 2793 benignitas

160 2809 291 2879 Vigilate,
304 2807 392 2863 facias
405 2823 441 2862 ne
453 2813 517 2867 mea
530 2807 611 2877 culpa
624 2808 752 2864 lucrum.”
942 2813 958 2863 8
