2168 3270
132 203 166 242 22
303 189 482 246 PHAEDRI
498 192 765 250 FABULARUM

133 331 211 399 Quae,
225 341 320 386 monte
334 349 442 387 summo
455 335 548 404 posita
562 337 668 391 Luculli
681 353 775 404 manu,

133 414 295 483 Prospectat
310 416 433 470 Siculum
446 428 472 471 et
488 419 621 488 prospicit
635 421 759 475 Tuscum
772 434 849 474 mare
862 437 870 486 3
901 434 933 474 10

131 496 175 548 Ex
189 497 335 551 alticinctis
349 516 420 552 unus
433 501 609 570 aulensibus,

132 579 184 632 Cui
197 581 291 634 tunica
304 582 340 634 ab
353 582 476 636 humeris
488 584 573 637 linteo
588 586 698 641 Pelusio

132 663 201 715 Erat
214 663 355 732 destricta,
369 665 446 718 cirris
459 665 690 735 dependentibus

132 746 347 802 Perambulante
360 749 425 802 laeta
438 749 552 802 domino
565 751 671 818 viridia,

130 831 247 885 Alveolo
261 832 346 900 coepit
358 832 451 901 ligneo
464 849 647 902 conspergere
901 846 930 902 15
1013 827 1018 842 '

132 914 260 967 Humum
272 925 446 984 aestuantem,
456 917 567 985 jactans
581 916 672 970 officio
686 933 797 970 comam
812 934 818 971 :

132 997 188 1050 Sed
202 997 350 1052 deridetur.
390 999 459 1053 Inde
472 1000 545 1053 notis
559 1000 675 1053 flexibus

120 1071 281 1134 'Praecurrit
293 1081 379 1134 alium
392 1081 421 1134 in
434 1091 553 1150 xystum,
566 1082 668 1137 sedans
681 1084 829 1151 pulverem.

31 1203 32 1206 ,
131 1163 268 1231 Agnoscit
280 1164 425 1234 hominem
439 1167 541 1234 Caesar,
556 1183 669 1236 remque
683 1167 817 1235 intelligit.

132 1248 150 1277 “
162 1247 266 1314 Heus,''
279 1247 368 1317 inquit
382 1248 520 1303 dominus.
559 1250 609 1303 Ille
622 1249 763 1304 enimvero
777 1249 873 1318 assilit,
898 1249 943 1302 20'

133 1331 302 1385 Donationis
315 1333 407 1387 alacer
420 1342 503 1387 certae
515 1333 626 1402 gaudio.

131 1415 206 1468 Tum
219 1415 259 1468 sic
270 1415 365 1484 jocata
378 1426 420 1471 est
433 1418 503 1471 tanti
516 1417 650 1486 majestas
664 1417 759 1484 ducis;

132 1501 149 1528 “
159 1499 186 1549 N
189 1514 225 1550 on
237 1499 356 1552 multum
368 1500 457 1568 egisti,
472 1509 499 1554 et
512 1517 597 1569 opera
611 1501 780 1572 nequiquam
792 1501 863 1574 perit
877 1519 884 1556 t

133 1580 224 1635 Multo
236 1582 351 1652 majoris
364 1582 454 1652 alapae
466 1599 578 1638 mecum
590 1585 734 1638 veneunt.”
898 1597 934 1654 24

411 1740 570 1794 FABULA
588 1741 655 1795 VII.

284 1845 411 1903 nomm,
431 1847 560 1906 coniux,
582 1850 621 1891 aa
638 1849 789 1894 ausuum.

171 1943 275 1996 Contra
287 1953 414 2013 potentes
427 1961 511 2000 nemo
523 1956 566 2001 est
578 1948 701 2002 munitus
715 1949 782 2003 satis
794 1967 807 2012 ;,

92 2096 95 2100 ¹
136 2027 165 2079 Si
179 2025 244 2080 vero
257 2029 377 2082 accessit
391 2029 552 2083 consiliator
563 2031 715 2098 maleficuS,

134 2110 184 2164 Vis
198 2119 225 2163 et
238 2112 362 2180 nequitia
374 2112 510 2182 quidquid
523 2124 693 2182 oppugnant,
707 2115 767 2168 ruit.

169 2193 271 2264 Aquila
283 2195 312 2248 in
325 2196 443 2250 sublime
456 2196 567 2250 sustulit
579 2197 754 2251 testudinem.

111 2332 112 2335 ,
136 2277 206 2347 Quae
219 2295 306 2348 quum
319 2280 475 2334 abdidisset
488 2285 591 2333 cornea
603 2297 703 2350 corpus
716 2281 809 2347 domo,
920 2292 936 2348 5

136 2362 197 2414 Nec
209 2363 265 2416 ullo
278 2373 361 2432 pacto
373 2363 438 2417 laedi
452 2371 547 2432 posset
560 2363 682 2431 condita,

135 2444 218 2497 Venit
230 2461 280 2514 per
291 2463 373 2499 auras
386 2446 490 2512 cornix,
503 2454 530 2498 et
543 2455 655 2515 propter
667 2446 764 2500 volans
780 2463 786 2499 :

136 2527 152 2557 ‘⁵
164 2527 296 2595 Opimam
309 2529 377 2583 sane
389 2529 516 2598 praedam
529 2529 643 2597 rapuisti
657 2529 795 2597 unguibus
810 2547 816 2591 ;

137 2609 202 2677 Sed,
215 2609 269 2664 nisi
281 2612 438 2666 monstraro
451 2611 519 2680 quid
532 2610 567 2664 sit
578 2611 739 2665 faciendum
751 2611 810 2678 tibi,

138 2692 222 2746 Gravi
235 2694 406 2764 nequiquam
419 2703 446 2748 te
459 2693 578 2747 lassabis
592 2694 738 2763 pondere.''
906 2705 940 2746 ro

138 2776 280 2831 Promissa
292 2787 378 2846 parte,
392 2777 491 2832 suadet
503 2785 534 2831 ut
546 2778 697 2848 scopulum,
705 2792 787 2845 super
