2168 3270
445 223 664 278 LIBERL„
757 217 759 222 ’

135 365 160 420 E
173 365 250 435 ligno
263 367 341 420 firmo
354 375 384 421 ut
397 366 450 420 sibi
463 366 641 420 manubrium
654 366 760 418 darent.

135 449 253 503 Homini
263 448 404 518 jusserunt
418 466 515 504 omnes
529 449 679 503 oleastrum
693 447 760 502 dari.

133 532 253 602 Accepit
266 548 375 601 munus,
388 540 485 602 aptata
497 543 525 587 et
537 532 685 586 manubrio

135 615 255 684 Bipenni
268 615 354 684 coepit
367 632 469 684 magna
482 615 607 670 excidere
621 615 728 669 robora.

136 699 193 752 Hic
205 698 282 764 dum,
295 715 357 768 quae
370 699 460 767 vellet,
474 699 602 768 eligebat,
615 698 722 751 fraxino

136 781 249 836 Dixisse
261 783 346 836 fertur
358 799 491 853 quercus:
510 785 527 813 “
538 782 640 836 Merito
653 780 810 834 caedimur.”

409 940 567 995 FABULA
594 940 656 994 XV.

396 1009 517 1101 conuix
547 1059 674 1102 xsrurx.

172 1154 218 1208 Ad
230 1172 328 1208 urnam
342 1156 436 1209 cornix
449 1156 545 1210 sitiens
557 1156 740 1226 semiplenam
753 1171 835 1225 aquae

136 1238 272 1306 Accessit,
282 1249 365 1307 atque
378 1248 479 1293 conata
491 1249 534 1293 est
546 1249 675 1293 evertere.

139 1321 195 1376 Sed
208 1338 293 1391 quum
306 1321 411 1377 videret
424 1331 497 1376 stare
510 1322 618 1389 sortem,
632 1323 753 1376 calculos

139 1405 174 1458 ln
186 1420 285 1458 urnam
297 1405 381 1472 misit,
394 1422 512 1474 quorum
525 1405 702 1458 multitudine

138 1488 221 1557 Aqua
233 1497 275 1542 est
288 1497 415 1558 porrecta
428 1506 545 1556 sursum,
559 1497 586 1542 et
599 1489 710 1542 satiavit
723 1487 805 1540 sitim.

176 1575 240 1626 Hac
252 1590 281 1626 re
294 1572 426 1641 probatur
439 1572 575 1642 quantbm
587 1571 729 1640 ingenium
742 1570 844 1642 polleat
857 1587 865 1635 ;

138 1656 246 1710 Virtute
259 1672 369 1726 semper
381 1656 512 1726 praevalet
526 1655 669 1725 sapientia.

410 1817 568 1871 FABULA
595 1816 672 1868 XVl.

364 1936 406 1978 EX
425 1936 546 1979 SUTORE
565 1935 711 1977 MEDICUS.

178 2030 270 2084 Malus
283 2047 369 2100 quum
382 2041 467 2098 sutor,
480 2029 575 2098 inopia
587 2028 754 2098 deperdituS,

144 2113 316 2166 Medicinam
329 2114 425 2182 ignoto
437 2114 529 2167 facere
541 2114 673 2184 coepisset
685 2113 757 2178 loco,
834 2132 839 2140 ·

142 2198 179 2249 Et
192 2196 347 2251 venditaret
359 2197 429 2250 falso
442 2198 599 2251 antidotum
612 2197 732 2262 nomine,

142 2279 274 2332 Verbosis
288 2280 436 2348 acquisivit
449 2281 502 2334 sibi
515 2281 621 2333 famam
634 2279 763 2348 strophis.

180 2359 235 2413 Hic
249 2377 334 2428 quum
344 2361 448 2429 jaceret
461 2363 560 2416 morbo
573 2362 716 2416 consectus
728 2360 805 2430 gravi
926 2372 939 2426 5

144 2445 204 2498 Rex
216 2443 300 2511 urbis,
314 2445 373 2513 ejus
386 2445 544 2514 experiendi
557 2446 647 2514 gratia

145 2527 287 2596 Scyphum
300 2528 443 2596 poposcit3
465 2528 535 2597 susa,
548 2529 613 2582 dein
627 2528 769 2595 simulans,
780 2533 860 2597 aquai,

144 2610 280 2665 Antidoto
293 2610 409 2663 miscere
423 2609 494 2663 illius
508 2627 537 2664 se
550 2612 680 2678 toxicum,
722 2645 724 2652 ι

146 2696 211 2748 Hoc
223 2694 318 2748 bibere
327 2693 410 2762 jussit
423 2694 523 2763 ipsum,
535 2694 627 2764 posito
641 2695 764 2764 praemio.

145 2777 259 2831 Timore
271 2777 368 2831 mortis
381 2777 426 2830 ille
439 2787 498 2831 tum
512 2776 655 2831 confessus
668 2788 719 2845 est,
912 2788 944 2828 to

148 2861 214 2914 Non
226 2862 292 2916 artis
305 2862 360 2914 ullo
373 2861 491 2917 medicae
504 2878 534 2915 se
547 2860 702 2931 prudentia,
