2168 3270
145 259 181 302 20
312 246 490 303 PHAEDRI
509 247 776 304 FABULARUM

433 457 592 512 FABULA
612 459 660 512 IV.

339 574 466 632 noune,
486 577 580 634 raus,
600 578 639 618 nr
658 577 746 619 nisa

182 680 284 751 Aquila
297 680 326 735 in
339 683 450 736 sublimi
464 701 566 754 quercu
580 683 676 737 nidum
690 683 791 736 fecerat
806 699 812 734 :
845 693 848 698 '

147 764 231 832 Felis,
243 781 391 820 cavernam
405 777 488 820 nacta
501 768 530 819 in
544 767 645 834 media,
656 773 800 835 pepererat
815 783 821 816 ι

149 849 202 902 Sus
215 849 421 903 nemoricultrix
434 849 520 904 fetum
533 851 570 904 ad
583 851 669 904 imam
681 857 819 922 posuerat

146 931 219 984 Tum
232 932 373 987 fortuitum
386 933 446 987 felis
460 934 672 988 contubernium

148 1014 257 1068 Fraude
269 1026 296 1070 et
310 1016 428 1070 scelesta
440 1018 479 1070 sic
494 1018 590 1070 evertit
603 1017 716 1070 malitia.
933 1024 949 1082 5

147 1097 192 1150 Ad
204 1098 301 1152 nidum
314 1099 424 1153 scandit
436 1101 555 1154 volucris
571 1119 576 1154 :
598 1103 614 1130 “
624 1101 786 1168 Pernicies,”
801 1099 849 1166 ait,

147 1182 236 1235 “Tibi
249 1193 369 1252 paratur,
382 1183 476 1238 sorsan
489 1194 516 1237 et
529 1185 638 1238 miserae
652 1185 727 1238 mihi.

150 1265 225 1317 Nam
237 1265 331 1320 fodere
344 1275 446 1320 terram
459 1266 533 1337 qubd
546 1268 624 1322 vides
638 1268 762 1337 quotidie

148 1349 254 1417 Aprum
267 1349 441 1418 insidiosum,
455 1368 587 1421 quercum
600 1353 657 1406 vult
671 1363 802 1421 evertere,

151 1432 191 1484 Ut
202 1442 326 1486 nostram
336 1434 364 1487 in
374 1436 458 1503 plano
467 1434 548 1490 facile
558 1437 720 1506 progeniem
732 1430 895 1508 opprimat.'’
918 1445 952 1484 ιο

149 1515 264 1570 Terrore
277 1517 366 1572 offuso
379 1529 406 1572 et
419 1521 585 1589 perturbatis
599 1521 737 1587 sensibus,

151 1599 265 1667 Derepit
278 1601 315 1653 ad
327 1602 417 1656 cubile
430 1613 531 1657 setosae
545 1607 602 1660 suis
616 1626 621 1660 :

151 1683 167 1708 “
178 1681 306 1748 Magno,’'
319 1683 415 1752 inquit,
430 1688 446 1714 “
455 1686 483 1739 in
497 1689 601 1756 periclo
616 1697 679 1742 sunt
693 1688 750 1742 nati
764 1686 811 1741 tui.

153 1764 227 1814 Nam
240 1763 321 1816 simul
334 1766 431 1820 exieris
446 1780 558 1837 pastum
573 1788 637 1825 cum
650 1780 745 1824 tenero
758 1784 849 1838 grege,

152 1845 252 1912 Aquila
264 1855 306 1898 est
319 1858 416 1915 parata
429 1869 526 1922 rapere
540 1854 677 1924 porcellos
690 1853 764 1907 tibi.’'
920 1861 929 1898 1
936 1859 950 1916 5

155 1927 237 1980 Hunc
250 1943 359 1998 quoque
373 1933 472 1990 timore
485 1948 637 2008 postquam
649 1934 798 2004 complevit
810 1932 912 1996 locum,

155 2009 261 2063 Dolosa
272 2021 331 2066 tuto
341 2017 467 2073 condidit
481 2038 543 2075 sese
555 2038 633 2075 cavo.

156 2093 225 2147 Inde
237 2107 354 2164 evagata
367 2112 452 2156 noctu
466 2121 602 2173 suspenso
614 2104 694 2174 pede,

156 2177 213 2229 Ubi
226 2185 291 2232 esca
304 2197 333 2236 se
346 2186 463 2254 replevit
474 2197 502 2242 et
515 2189 620 2257 prolem
633 2203 722 2253 suam,

157 2260 291 2316 Pavorem
304 2266 449 2339 simulans,
462 2272 594 2340 prospicit
607 2279 666 2324 toto
679 2269 731 2322 die.

157 2344 276 2418 Ruinam
289 2362 414 2407 metuens
428 2354 521 2424 aquila
533 2354 618 2407 ramis
631 2351 739 2405 desidet
752 2367 757 2401 :

156 2428 238 2498 Aper,
252 2435 379 2505 rapinam
393 2437 493 2506 vitane,
507 2454 563 2490 non
576 2435 668 2505 prodit
681 2433 762 2486 foras.

158 2513 231 2580 Quid
241 2519 350 2573 multa?
377 2520 475 2573 Inedia
487 2529 551 2572 sunt
564 2516 722 2586 consumpti
735 2530 800 2570 curn
813 2512 878 2578 suis,

158 2596 285 2670 Felisque
299 2604 398 2658 catulis
411 2604 517 2671 largam
530 2603 706 2671 praebuerunt
719 2599 828 2667 dapem.

193 2681 335 2750 Quantum
346 2687 432 2739 homo
443 2686 574 2753 bilinguis
589 2701 663 2754 saepe
676 2682 824 2736 concinnet
836 2678 912 2747 mali,

158 2764 364 2823 Documentum
377 2766 480 2820 habere
493 2769 576 2822 stulta
589 2766 736 2821 credulitas
748 2770 847 2832 potest.
921 2760 959 2819 26
