2168 3270
412 222 540 277 LIBER
563 223 587 279 I.

102 361 149 428 Et,
162 362 305 432 explorato
317 379 390 432 rege,
403 374 520 420 cunctas
533 375 639 419 evocat.

103 450 171 518 lllae‚
185 451 285 505 timore
297 452 398 520 posito,
411 453 538 506 certatim
550 452 694 520 adnatant,

104 535 276 605 Lignumque
290 553 373 605 supra
385 538 467 590 turba
479 537 607 606 petulans
621 537 712 591 insilit.
871 555 905 592 20

103 618 186 687 Quod
199 635 286 688 quum
298 619 490 688 inquinassent
504 620 581 673 omni
594 621 772 687 contumelia,

101 703 197 756 Alium
210 713 339 770 rogantes
352 719 447 771 regem
459 703 559 757 misere
572 703 609 756 ad
621 705 729 772 Jovcm,

104 786 214 840 Inutilis
227 786 360 856 quoniam
373 796 455 854 esset,
469 787 515 856 qui
528 787 617 840 suerat
631 787 720 840 datus.

103 871 178 923 Tum
190 869 267 923 misit
279 869 333 923 illis
346 870 475 938 hydrum,
489 871 536 940 qui
549 871 633 926 dente
646 887 745 940 aspero

104 954 250 1023 Corripere
263 953 349 1023 coepit
362 954 493 1022 singulas.
532 955 648 1008 Frustra
660 961 759 1009 ne'cem
872 971 903 1026 25

104 1037 238 1106 Fugitant
251 1036 371 1102 inertes;
389 1054 489 1091 vocem
501 1038 646 1108 praecludit
659 1047 757 1092 metus.

104 1118 213 1174 Furtim
226 1119 309 1188 igitur
321 1120 389 1174 dant
404 1121 543 1174 Mercurio
556 1121 692 1174 mandata
704 1120 740 1174 ud
752 1121 861 1188 Jovem,

103 1203 224 1257 Afflictis
236 1212 269 1256 ut
282 1213 431 1257 succurrat.
469 1205 550 1257 Tunc
563 1204 661 1257 contra
674 1203 750 1270 deus,

104 1289 122 1318 “
133 1287 206 1355 Quia
218 1287 346 1340 noluistis
359 1296 482 1340 vestrum
494 1286 587 1354 ierre,'⁵
601 1287 698 1356 inquit,
713 1291 729 1318 “
739 1288 852 1354 bonum,

105 1369 216 1424 Malum
228 1369 369 1438 perferte.’'
407 1371 491 1422 “Vos
504 1385 624 1438 quoque,
637 1387 654 1423 o
667 1371 766 1438 cives,''
779 1371 826 1438 ait,
873 1385 907 1438 3³

105 1455 196 1508 “Hoc
207 1453 349 1522 sustinete,
363 1454 453 1522 majus
466 1469 502 1506 ne
514 1453 607 1506 veniat
620 1453 748 1509 malum.'²

385 1626 545 1680 FABULA
572 1627 626 1679 111.

333 1747 496 1790 cuncurus
516 1745 682 1797 supensus

143 1857 188 1912 Ne
201 1856 312 1926 gloriari
324 1855 410 1909 libeat
423 1855 520 1909 alienis
533 1855 624 1924 bonis,

108 1940 219 2012 Suoque
232 1939 325 2011 potius
337 1939 434 1993 habitu
446 1939 533 1992 vitain
546 1940 656 2007 degere,

106 2028 230 2094 AEsopus
244 2026 325 2080 nobis
339 2025 392 2078 hoc
406 2024 563 2092 exemplum
576 2021 706 2092 prodidit.

142 2109 266 2162 Tumens
279 2106 356 2161 inani
370 2107 497 2174 graculus
511 2105 650 2174 superbia,

109 2193 228 2252 Pennas,
241 2190 343 2260 pavoni
358 2207 421 2258 quae
434 2189 605 2256 deciderant,
619 2188 737 2256 sustulit,
895 2201 908 2259 5

109 2275 200 2344 Seque
212 2273 372 2328 exornavit:
391 2271 494 2326 deinde
505 2281 688 2326 contemnens
702 2289 767 2326 suos

109 2361 244 2413 Formoso
257 2374 287 2411 se
301 2372 442 2426 pavonum
455 2355 606 2409 immiscuit
619 2354 704 2422 gregi.

110 2441 153 2495 llli
167 2440 321 2510 impudenti
335 2455 442 2509 pennas
456 2439 576 2507 eripiunt
589 2437 642 2505 avi,

109 2525 275 2594 Fugantque
287 2523 391 2577 rostris
431 2522 508 2575 Male
522 2521 660 2575 mulcatus
673 2522 803 2589 graculus

109 2607 211 2661 Redire
226 2623 345 2661 maerens
359 2605 447 2674 coepit
459 2604 497 2658 ad
507 2604 650 2674 proprium
663 2620 749 2671 genus
763 2624 769 2658 :
882 2622 913 2660 10

106 2693 134 2746 A
146 2706 202 2759 quo
215 2691 341 2760 repulsus
354 2690 463 2744 tristem
477 2687 606 2742 sustinuit
619 2697 722 2742 notam.

106 2775 182 2830 Tum
196 2773 310 2842 quidam
322 2790 356 2829 ex
369 2773 432 2843 illis,
445 2787 516 2842 quos
529 2770 604 2840 prius
618 2773 791 2842 despexerat,

491 2881 503 2910 Β
517 2884 528 2910 2
779 2879 784 2884 ’
