2168 3270
446 217 572 272 LIBER
595 217 619 273 Ι.

169 359 274 430 Vulpes
287 358 324 414 ad
337 375 449 414 coenam
461 360 563 414 dicitur
576 361 714 415 ciconiam

136 443 213 496 Prior
225 443 367 510 invitasse,
381 443 460 498 etilli
474 443 502 496 in
515 445 612 513 patina
624 443 760 512 liquidam

135 526 265 582 Posuisse
279 526 469 594 sorbitionem,
483 543 569 595 quam
581 526 657 579 nullo
670 526 754 580 modo
804 569 806 574 .
919 539 931 592 3

136 611 255 664 Gustare
268 609 392 664 esuriens
406 610 525 678 potuerit
539 608 654 663 ciconia.

136 693 206 762 Quae
218 692 330 762 vulpem
344 709 430 762 quum
442 693 608 760 revocasset,
622 691 716 747 intrito
729 692 793 746 cibo

136 777 253 830 Plenam
266 777 398 845 lagenam
411 776 503 845 posuit
518 794 524 828 ι
542 776 607 828 huic
621 785 739 828 rostrum
754 777 877 830 inserens

136 859 260 914 Satiatur
273 858 343 929 ipsa,
357 869 466 928 torquet
480 859 627 912 convivam
640 859 721 914 same.

136 944 208 1013 Quae
221 959 307 1012 quum
319 943 428 1012 lagenae
440 942 541 997 frustra
554 945 656 997 collum
668 945 811 1012 lamberet,
905 961 935 998 10

136 1027 302 1096 Pereginam
315 1027 354 1080 sic
368 1026 512 1097 loquutam
524 1027 667 1082 volucrem
679 1029 839 1098 accepimus
847 1049 859 1082 ·:

135 1112 221 1166 “Sua
233 1111 351 1181 quisque
363 1111 490 1180 exempla
503 1111 586 1165 debet
599 1127 680 1182 aequo
693 1112 787 1166 animo
801 1113 882 1182 pati.''
905 1128 934 1165 12

241 1345 243 1348 ,
394 1283 553 1337 maura
571 1283 678 1337 xxix.

229 1403 322 1446 CANIS
341 1401 380 1443 ET
397 1401 584 1443 THESAURUS
603 1402 642 1442 ET
661 1401 846 1444 VULTURIUS.

175 1501 246 1555 llaee
259 1517 303 1554 res
316 1498 407 1552 avaris
421 1515 482 1552 esse
495 1497 664 1551 conveniens
677 1507 777 1566 potest,

138 1582 184 1651 Et,
198 1583 245 1652 qui
258 1581 377 1636 humiles
390 1579 456 1644 nati,
471 1579 526 1632 dici
540 1579 691 1648 locupletes
705 1579 825 1632 student.

174 1667 308 1719 Humana
322 1663 456 1718 effodiens
471 1678 536 1715 ossa
548 1661 709 1715 thesaurum
723 1662 800 1714 canis

139 1749 266 1816 Invenit;
290 1758 327 1817 et,
341 1747 458 1801 violarat
471 1746 537 1814 quia
551 1747 651 1799 Manes
665 1744 741 1810 deos,

139 1833 246 1902 lnjecta
259 1844 301 1889 est
315 1834 354 1888 illi
368 1832 528 1887 divitiarum
542 1828 688 1898 cupiditas,
920 1843 933 1897 ς

138 1915 242 1969 Poenas
254 1925 284 1970 ut
298 1925 403 1970 sanctae
417 1912 542 1982 religioni
555 1910 696 1980 penderet.

139 1999 238 2068 ltaque
249 2015 348 2052 aurum
360 1999 428 2052 dum
442 1996 571 2064 custodit,
585 1994 687 2048 oblitus
700 1993 755 2047 cibi

138 2083 226 2136 Fame
238 2091 280 2136 est
293 2091 475 2151 consumptus
483 2101 491 2146 ;
511 2095 594 2150 quem
607 2087 684 2130 stans
698 2077 831 2130 vulturius
845 2093 927 2145 super

138 2166 237 2219 Fertur
248 2166 377 2234 loquutus
393 2183 399 2219 :
418 2169 433 2195 “
447 2166 471 2217 Ο
486 2163 571 2232 caniS,
586 2161 686 2216 merito
695 2161 783 2230 jaceS,

139 2249 194 2318 Qui
207 2249 361 2318 concupisti
375 2247 467 2303 subito
479 2247 586 2316 regales
600 2261 676 2315 opeS,

136 2332 233 2387 Trivio
246 2341 398 2401 conceptus
411 2341 438 2386 et
451 2332 585 2384 educatus
599 2329 743 2382 stercore.''
906 2343 933 2382 11

404 2487 562 2543 FABULA
581 2488 673 2540 XXX.

377 2609 493 2652 votens
512 2609 551 2649 ar
570 2605 696 2660 Aoumn.

175 2709 309 2778 Quamvis
323 2706 456 2762 sublimes
468 2706 571 2760 debent
583 2704 702 2759 humiles
715 2705 845 2774 metuere',

138 2793 271 2850 Vindicta
283 2792 366 2848 docili
379 2792 444 2864 quia
457 2799 533 2864 patet
546 2789 682 2846 sollertiae.
