2168 3270
155 243 174 298 6
325 244 502 298 PHAEDRI
523 245 790 301 FABULARUM

158 388 293 457 Gulaeque
308 386 425 440 credens
438 387 502 440 colli
515 387 726 456 longitudinem,

159 471 346 524 Periculosam
359 469 424 524 secit
437 470 608 524 medicinam
620 472 693 542 lupo

159 555 212 607 Pro
225 571 280 622 quo
293 570 379 623 quum
393 563 507 622 pactum
519 554 655 622 flagitaret
668 554 822 623 praemium,

159 641 175 669 “
187 639 300 707 Ingrata
312 637 365 705 e3‚''
378 638 475 708 inquit,
490 639 506 668 “
516 653 563 690 ore
576 653 638 706 quae
651 647 746 692 nostro
759 648 844 707 caput

161 722 303 775 Incolume
314 721 470 790 abstuleris,
484 729 511 775 et
524 721 681 775 mercedem
694 721 841 792 postules’'
927 735 958 774 12

442 894 601 948 FABULA
628 895 677 948 IX.

415 1014 529 1056 PASSER
549 1015 588 1057 ΕΤ
606 1014 710 1058 LEPUS.
740 973 742 978 Ι

197 1111 256 1165 Sibi
270 1128 327 1165 non
339 1129 438 1166 cavere
452 1120 479 1166 et
492 1112 553 1166 aliis
567 1112 715 1166 consilium
727 1112 795 1166 dare

63 1227 65 1230 -
162 1195 282 1248 Stultum
295 1211 356 1249 esse
369 1195 465 1264 paucis
478 1195 659 1251 ostendamus
671 1196 804 1249 versibus

198 1279 370 1348 Oppressum
382 1278 419 1331 ab
432 1279 525 1349 aquila
537 1289 566 1334 et
578 1279 658 1333 fletus
672 1279 801 1334 edentem
813 1293 912 1346 graves

163 1362 299 1430 Leporem
311 1363 476 1431 objurgabat
489 1380 601 1433 passert
621 1363 705 1418 “Ubi
718 1363 867 1432 pernicitas

162 1446 247 1511 Nota,
260 1444 357 1514 inquit,
371 1445 418 1499 illa
431 1447 492 1500 est?
530 1447 604 1515 Quid
618 1447 657 1501 ita
669 1447 813 1501 cessarunt
825 1446 911 1516 pedes
920 1445 948 1499 ?’'

162 1529 239 1581 Dum
251 1529 380 1597 loquitur,
394 1530 486 1599 ipsum
499 1529 632 1599 accipiter
644 1530 814 1599 necopinum
826 1529 907 1598 rapit,
943 1528 961 1582 6

163 1613 325 1682 Questuque
337 1631 409 1666 vano
424 1614 615 1668 clamitantem
628 1614 764 1668 interficit.

163 1697 254 1765 Lepus
268 1695 464 1751 semianimus:
484 1697 609 1750 “Mortis
622 1713 658 1750 en
671 1697 819 1750 solatium!

164 1779 218 1848 Qui
230 1779 316 1833 modo
330 1797 442 1835 securus
456 1791 551 1834 nostra
564 1779 699 1834 irridebas
711 1780 795 1846 mala,

164 1864 253 1920 Simili
267 1865 380 1935 querela
391 1865 450 1919 fata
462 1865 591 1934 deploras
604 1863 675 1918 tua.'’
931 1877 963 1915 10
979 1929 980 1934 ἵ

454 2024 612 2077 FABULA
639 2024 673 2076 X.

288 2143 386 2185 Lupus
407 2142 445 2184 ET
464 2143 588 2200 vorem,
607 2143 720 2198 Juorca
741 2143 835 2185 suno.

201 2240 375 2309 Quicumque
389 2239 461 2308 turpi
474 2238 570 2293 fraude
584 2241 670 2294 semel
683 2239 810 2308 innotuit,

165 2325 284 2378 Etiamsi
298 2339 395 2377 verum
407 2323 481 2391 dicit,
495 2323 598 2376 amittit
610 2323 703 2378 iidem.

167 2410 230 2462 Hoc
243 2417 391 2463 attestatur
402 2406 493 2459 brevis
507 2407 606 2475 AEsopi
618 2407 719 2461 fabula.

202 2494 295 2561 Lupus
309 2491 444 2560 arguebat
456 2490 568 2559 vulpem
579 2491 643 2544 furti
656 2491 787 2545 crimine:

168 2576 298 2644 Negabat
310 2575 358 2628 illa
370 2591 401 2629 se
413 2589 475 2628 esse
488 2574 576 2643 culpae
589 2575 751 2644 proximam.
949 2583 962 2640 5

166 2660 245 2712 Tunc
256 2659 343 2729 Judex
356 2658 427 2712 inter
439 2657 501 2711 illos
514 2658 586 2712 sedit
600 2658 704 2712 simius,

169 2744 293 2812 Uterque
307 2758 422 2796 causam
435 2758 521 2812 quum
533 2742 710 2811 perorassent
723 2754 814 2808 suam,

168 2827 280 2882 Dixisse
293 2827 379 2882 fertur
391 2825 487 2880 simius
502 2825 670 2881 sententiam
682 2844 690 2889 3
