2168 3270
440 234 567 288 LIBER
590 234 614 290 J.

129 375 197 428 “Tu
209 390 265 428 non
279 375 381 430 videris
393 376 558 446 perdidisse,
571 377 646 447 quod
659 376 730 445 petis
745 395 752 442 ;
816 427 819 440 ,

128 457 170 512 Te
183 458 266 514 credo
280 459 454 529 surripuisse,
468 459 543 530 quod
556 459 671 529 pulchre
684 459 793 530 negas.’'

410 618 570 673 FABULA
594 617 644 672 XI.

308 736 421 779 Asinus
441 738 480 779 nr
499 737 558 780 nno
577 738 749 781 vnuxxrns.

163 835 279 890 Virtutis
293 851 399 903 expers,
413 835 505 888 verbis
515 834 627 904 jactans
639 835 765 904 gloriam,

130 922 244 990 Ignotos
256 918 336 985 fallit,
348 917 423 972 notis
435 926 478 972 est
491 918 601 973 derisui.

164 1001 277 1069 Venari,
289 1001 375 1056 asello
387 1000 500 1071 comite,
509 1018 596 1071 quum
609 1001 691 1056 vellet
703 1003 755 1069 leo,

130 1085 259 1142 Contexit
272 1084 348 1138 illurn
361 1083 467 1153 frutice,
481 1093 509 1139 et
522 1084 667 1140 admonuit
680 1086 769 1155 simul,

129 1171 170 1224 Ut
182 1170 292 1224 insueta
303 1185 373 1222 voce
385 1177 499 1222 terreret
512 1166 594 1236 feras,

129 1253 278 1320 Fugientes
291 1252 351 1320 ipse
364 1252 510 1321 exciperet.
550 1251 606 1306 ch
619 1253 752 1307 auritulus

94 1363 97 1369 ·
129 1335 287 1390 Clamorem
300 1333 391 1390 subitb
404 1335 469 1390 totis
483 1335 553 1389 tollit
566 1335 678 1404 viribus,

130 1419 266 1488 Novoque
278 1417 371 1472 turbat
383 1417 489 1472 bestias
502 1418 642 1473 miraculo.

129 1502 200 1570 Quae
212 1500 280 1555 dum
293 1510 426 1570 paventes
440 1501 528 1555 exitiis
542 1507 623 1556 notos
635 1511 741 1571 petunt,

130 1584 230 1639 Leonis
242 1583 401 1652 affliguntur
413 1583 552 1638 horrendo
566 1585 678 1653 impetu.
895 1601 926 1640 10

129 1667 183 1738 Qui
196 1666 345 1738 postquam
359 1666 436 1720 caede
448 1667 538 1720 sessus
550 1675 601 1734 est,
614 1667 725 1720 asinum
738 1679 844 1737 evocat,

126 1753 264 1823 Jubetque
276 1767 374 1806 vocem
386 1767 518 1820 premere.
556 1752 636 1804 Tunc
650 1750 695 1805 ifle
708 1751 839 1820 insolens,

128 1835 250 1905 “Qualis
263 1835 372 1890 videtur
384 1851 469 1904 opera
481 1834 531 1889 tibi
544 1834 621 1888 vocis
634 1851 705 1888 meae
715 1835 726 1888 i
735 1835 750 1861 '²

128 1923 144 1950 “
156 1918 301 1987 lnsigniS,”
313 1917 419 1989 inquit3
442 1922 457 1950 “
467 1918 514 1986 sic,
529 1928 567 1987 ut,
581 1918 633 1972 nisi
647 1918 761 1973 nbssem
773 1928 852 1973 tuum

127 1999 260 2056 Animum
272 2017 423 2072 genusque,
437 2000 519 2054 simili
532 2000 665 2070 fugissem
678 2003 779 2058 metu.''
896 2015 925 2070 15

405 2171 563 2226 FABULA
587 2173 654 2226 Xll.

357 2291 476 2332 onxvus
495 2291 537 2332 AD
558 2289 693 2333 rourum.

166 2386 297 2440 Laudatis
310 2387 427 2456 utiliora,
439 2405 503 2458 quae
517 2389 725 2460 contempseris

129 2474 211 2541 Saepe
224 2469 349 2538 inveniri,
361 2470 423 2524 haec
436 2473 537 2526 exserit
549 2473 679 2526 narratio.

156 2552 210 2606 'Ad
221 2552 328 2606 fontem
341 2569 447 2621 cervus,
461 2571 546 2623 quum
558 2555 684 2623 bibisset,
694 2555 802 2625 restitit,

130 2637 167 2688 Et
180 2634 209 2687 in
221 2634 327 2706 liquore
339 2634 408 2690 vidit
421 2636 542 2704 effigiem
555 2654 643 2698 suam.

131 2717 173 2771 lbi
186 2717 254 2771 dum
266 2733 378 2771 ramosa
390 2719 495 2772 mirans
507 2719 603 2774 laudat
616 2738 727 2789 cornua,
909 2731 926 2792 5

130 2801 302 2874 Crurumque
315 2800 432 2856 nimiam
445 2801 609 2858 tenuitatem
622 2804 768 2874 vituperat,
